<?xml version="1.0" encoding="UTF-8"?>
<!DOCTYPE html PUBLIC "-//W3C//DTD XHTML 1.0 Transitional//EN"
    "http://www.w3.org/TR/xhtml1/DTD/xhtml1-transitional.dtd">
<html xmlns="http://www.w3.org/1999/xhtml" xml:lang="en" lang="en">
 <head>
  <title>
</title>
<meta http-equiv="Content-Type" content="text/html;charset=utf-8" />
  <meta name='ocr-system' content='tesseract 3.04.00' />
  <meta name='ocr-capabilities' content='ocr_page ocr_carea ocr_par ocr_line ocrx_word'/>
</head>
<body>
  <div class='ocr_page' id='page_1' title='image "./opera08horagoog_0377.png"; bbox 0 0 2809 4767; ppageno 0'>
   <div class='ocr_carea' id='block_1_1' title="bbox 392 159 1231 260">
    <p class='ocr_par' dir='ltr' id='par_1_1' title="bbox 392 159 1231 260">
     <span class='ocr_line' id='line_1_1' title="bbox 392 159 1231 260; baseline 0.007 -23"><span class='ocrx_word' id='word_1_1' title='bbox 392 160 586 238; x_wconf 79' lang='lat' dir='ltr'>nactast</span> <span class='ocrx_word' id='word_1_2' title='bbox 606 159 864 255; x_wconf 66' lang='lat' dir='ltr'>tamaro.</span> <span class='ocrx_word' id='word_1_3' title='bbox 1148 180 1231 260; x_wconf 75' lang='lat'>&#39;331</span> 
     </span>
    </p>
   </div>
   <div class='ocr_carea' id='block_1_2' title="bbox 38 316 1308 4373">
    <p class='ocr_par' dir='ltr' id='par_1_2' title="bbox 38 316 1285 839">
     <span class='ocr_line' id='line_1_2' title="bbox 39 316 1235 406; baseline -0.002 -17"><span class='ocrx_word' id='word_1_4' title='bbox 39 319 305 389; x_wconf 74' lang='lat' dir='ltr'>eonstmmdorum</span> <span class='ocrx_word' id='word_1_5' title='bbox 330 316 478 387; x_wconf 87' lang='lat' dir='ltr'>tationem</span> <span class='ocrx_word' id='word_1_6' title='bbox 505 322 683 398; x_wconf 85' lang='lat' dir='ltr'>videremus,</span> <span class='ocrx_word' id='word_1_7' title='bbox 706 316 883 406; x_wconf 66' lang='lat' dir='ltr'>dedissetque</span> <span class='ocrx_word' id='word_1_8' title='bbox 907 319 994 385; x_wconf 81' lang='lat' dir='ltr'>nohis</span> <span class='ocrx_word' id='word_1_9' title='bbox 1019 317 1129 383; x_wconf 87' lang='lat' dir='ltr'>llbtum</span> <span class='ocrx_word' id='word_1_10' title='bbox 1151 321 1235 387; x_wconf 79' lang='lat' dir='ltr'>horis</span> 
     </span>
     <span class='ocr_line' id='line_1_3' title="bbox 38 404 1236 484; baseline -0.001 -11"><span class='ocrx_word' id='word_1_11' title='bbox 38 411 69 473; x_wconf 89' lang='lat' dir='ltr'>in</span> <span class='ocrx_word' id='word_1_12' title='bbox 85 412 201 473; x_wconf 74' lang='lat' dir='ltr'>Schola</span> <span class='ocrx_word' id='word_1_13' title='bbox 216 409 364 484; x_wconf 86' lang='lat' dir='ltr'>fallendis,</span> <span class='ocrx_word' id='word_1_14' title='bbox 387 430 449 472; x_wconf 88' lang='lat' dir='ltr'>non</span> <span class='ocrx_word' id='word_1_15' title='bbox 465 412 572 472; x_wconf 89' lang='lat' dir='ltr'>animis</span> <span class='ocrx_word' id='word_1_16' title='bbox 586 411 623 470; x_wconf 88' lang='lat' dir='ltr'>ad</span> <span class='ocrx_word' id='word_1_17' title='bbox 641 411 779 469; x_wconf 75' lang='lat' dir='ltr'>virtutem</span> <span class='ocrx_word' id='word_1_18' title='bbox 793 407 970 471; x_wconf 75' lang='lat' dir='ltr'><strong>formandis.</strong></span> <span class='ocrx_word' id='word_1_19' title='bbox 1013 404 1138 470; x_wconf 82' lang='lat' dir='ltr'>Prorsus</span> <span class='ocrx_word' id='word_1_20' title='bbox 1155 410 1236 472; x_wconf 86' lang='lat' dir='ltr'>aliud</span> 
     </span>
     <span class='ocr_line' id='line_1_4' title="bbox 39 490 1285 578; baseline -0.002 -18"><span class='ocrx_word' id='word_1_21' title='bbox 39 497 147 560; x_wconf 72' lang='lat' dir='ltr'>tutin</span> <span class='ocrx_word' id='word_1_22' title='bbox 173 498 232 559; x_wconf 91' lang='lat' dir='ltr'>hoe</span> <span class='ocrx_word' id='word_1_23' title='bbox 264 516 353 578; x_wconf 90' lang='lat' dir='ltr'>opere</span> <span class='ocrx_word' id='word_1_24' title='bbox 381 495 570 577; x_wconf 84' lang='lat' dir='ltr'>proposuerat</span> <span class='ocrx_word' id='word_1_25' title='bbox 600 492 703 556; x_wconf 73' lang='lat' dir='ltr'>Poiira.</span> <span class='ocrx_word' id='word_1_26' title='bbox 746 490 892 576; x_wconf 87' lang='lat' dir='ltr'>Namque</span> <span class='ocrx_word' id='word_1_27' title='bbox 917 491 987 557; x_wconf 83' lang='lat' dir='ltr'>finis</span> <span class='ocrx_word' id='word_1_28' title='bbox 1012 495 1169 557; x_wconf 83' lang='lat' dir='ltr'>verborum</span> <span class='ocrx_word' id='word_1_29' title='bbox 1193 493 1238 558; x_wconf 87' lang='lat' dir='ltr'>e&#39;st</span> <span class='ocrx_word' id='word_1_30' title='bbox 1282 569 1285 576; x_wconf 26' lang='lat'>¹</span> 
     </span>
     <span class='ocr_line' id='line_1_5' title="bbox 38 579 1239 666; baseline -0.002 -20"><span class='ocrx_word' id='word_1_31' title='bbox 38 582 131 661; x_wconf 75' lang='lat' dir='ltr'>attio,</span> <span class='ocrx_word' id='word_1_32' title='bbox 147 583 234 666; x_wconf 86' lang='lat' dir='ltr'>cujus</span> <span class='ocrx_word' id='word_1_33' title='bbox 248 585 339 645; x_wconf 85' lang='lat' dir='ltr'>etiam</span> <span class='ocrx_word' id='word_1_34' title='bbox 357 582 453 665; x_wconf 71' lang='lat' dir='ltr'>gratia</span> <span class='ocrx_word' id='word_1_35' title='bbox 468 583 555 644; x_wconf 88' lang='lat' dir='ltr'>verba</span> <span class='ocrx_word' id='word_1_36' title='bbox 570 582 630 662; x_wconf 88' lang='lat' dir='ltr'>ipsa</span> <span class='ocrx_word' id='word_1_37' title='bbox 646 580 767 642; x_wconf 74' lang='lat' dir='ltr'>haerent</span> <span class='ocrx_word' id='word_1_38' title='bbox 782 599 909 663; x_wconf 85' lang='lat' dir='ltr'>reperta,</span> <span class='ocrx_word' id='word_1_39' title='bbox 935 603 1003 664; x_wconf 73' lang='lat' dir='ltr'>qua:</span> <span class='ocrx_word' id='word_1_40' title='bbox 1020 579 1172 643; x_wconf 83' lang='lat' dir='ltr'>nistillum</span> <span class='ocrx_word' id='word_1_41' title='bbox 1189 581 1239 643; x_wconf 83' lang='lat' dir='ltr'>as·-</span> 
     </span>
     <span class='ocr_line' id='line_1_6' title="bbox 40 666 1237 751; baseline 0.001 -21"><span class='ocrx_word' id='word_1_42' title='bbox 40 666 313 751; x_wconf 68' lang='lat' dir='ltr'>hquantursinem,</span> <span class='ocrx_word' id='word_1_43' title='bbox 326 666 463 732; x_wconf 87' lang='lat' dir='ltr'>nihilnisr</span> <span class='ocrx_word' id='word_1_44' title='bbox 476 668 575 731; x_wconf 86' lang='lat' dir='ltr'>sutiles</span> <span class='ocrx_word' id='word_1_45' title='bbox 589 667 669 729; x_wconf 62' lang='lat' dir='ltr'>mni:</span> <span class='ocrx_word' id='word_1_46' title='bbox 686 685 772 728; x_wconf 85' lang='lat' dir='ltr'>aures</span> <span class='ocrx_word' id='word_1_47' title='bbox 786 668 906 750; x_wconf 86' lang='lat' dir='ltr'>quidem</span> <span class='ocrx_word' id='word_1_48' title='bbox 923 666 1042 743; x_wconf 85' lang='lat' dir='ltr'>feriunt,</span> <span class='ocrx_word' id='word_1_49' title='bbox 1053 668 1088 728; x_wconf 89' lang='lat' dir='ltr'>ad</span> <span class='ocrx_word' id='word_1_50' title='bbox 1101 672 1237 732; x_wconf 84' lang='lat' dir='ltr'>animum</span> 
     </span>
     <span class='ocr_line' id='line_1_7' title="bbox 42 755 1226 839; baseline -0.003 -19"><span class='ocrx_word' id='word_1_51' title='bbox 42 755 113 821; x_wconf 72' lang='lat' dir='ltr'>terh</span> <span class='ocrx_word' id='word_1_52' title='bbox 128 776 189 818; x_wconf 88' lang='lat' dir='ltr'>non</span> <span class='ocrx_word' id='word_1_53' title='bbox 205 757 365 839; x_wconf 85' lang='lat' dir='ltr'>pertinent.</span> <span class='ocrx_word' id='word_1_54' title='bbox 1221 830 1226 838; x_wconf 22' lang='grc' dir='ltr'>ι</span> 
     </span>
    </p>

    <p class='ocr_par' dir='ltr' id='par_1_3' title="bbox 40 836 1240 1615">
     <span class='ocr_line' id='line_1_8' title="bbox 86 836 1238 924; baseline -0.001 -19"><span class='ocrx_word' id='word_1_55' title='bbox 86 839 207 905; x_wconf 81' lang='lat' dir='ltr'>Docere</span> <span class='ocrx_word' id='word_1_56' title='bbox 223 861 279 904; x_wconf 90' lang='lat' dir='ltr'>nos</span> <span class='ocrx_word' id='word_1_57' title='bbox 295 842 390 904; x_wconf 87' lang='lat' dir='ltr'>voluit</span> <span class='ocrx_word' id='word_1_58' title='bbox 406 838 552 909; x_wconf 81' lang='lat' dir='ltr'>Horatius</span> <span class='ocrx_word' id='word_1_59' title='bbox 561 840 593 924; x_wconf 88' lang='lat' dir='ltr'>in</span> <span class='ocrx_word' id='word_1_60' title='bbox 602 839 646 901; x_wconf 88' lang='lat' dir='ltr'>his</span> <span class='ocrx_word' id='word_1_61' title='bbox 660 837 775 917; x_wconf 79' lang='lat' dir='ltr'>Satiris,</span> <span class='ocrx_word' id='word_1_62' title='bbox 788 854 892 901; x_wconf 88' lang='lat' dir='ltr'>contra</span> <span class='ocrx_word' id='word_1_63' title='bbox 903 839 974 901; x_wconf 90' lang='lat' dir='ltr'>vitia</span> <span class='ocrx_word' id='word_1_64' title='bbox 985 836 1238 918; x_wconf 63' lang='lat' dir='ltr'>nostra&#39;milirare,</span> 
     </span>
     <span class='ocr_line' id='line_1_9' title="bbox 44 922 1239 1009; baseline -0.004 -18"><span class='ocrx_word' id='word_1_65' title='bbox 44 922 168 991; x_wconf 67' lang='lat' dir='ltr'>affecto</span> <span class='ocrx_word' id='word_1_66' title='bbox 183 944 358 1009; x_wconf 87' lang='lat' dir='ltr'>temperare,</span> <span class='ocrx_word' id='word_1_67' title='bbox 383 942 517 990; x_wconf 81' lang='lat' dir='ltr'>araturam</span> <span class='ocrx_word' id='word_1_68' title='bbox 540 928 571 988; x_wconf 91' lang='lat' dir='ltr'>in</span> <span class='ocrx_word' id='word_1_69' title='bbox 588 927 800 1005; x_wconf 80' lang='lat' dir='ltr'>cupiditatibus</span> <span class='ocrx_word' id='word_1_70' title='bbox 814 926 1000 988; x_wconf 70' lang='lat' dir='ltr'>moderandis</span> <span class='ocrx_word' id='word_1_71' title='bbox 1017 928 1123 987; x_wconf 86' lang='lat' dir='ltr'>ducem</span> <span class='ocrx_word' id='word_1_72' title='bbox 1135 928 1239 1007; x_wconf 77' lang='lat' dir='ltr'>sequi,</span> 
     </span>
     <span class='ocr_line' id='line_1_10' title="bbox 43 1010 1239 1096; baseline -0.003 -19"><span class='ocrx_word' id='word_1_73' title='bbox 43 1034 148 1077; x_wconf 76' lang='lat' dir='ltr'>rerum</span> <span class='ocrx_word' id='word_1_74' title='bbox 163 1013 181 1076; x_wconf 75' lang='lat' dir='ltr'>d</span> <span class='ocrx_word' id='word_1_75' title='bbox 195 1014 278 1090; x_wconf 86' lang='lat' dir='ltr'>salso,</span> <span class='ocrx_word' id='word_1_76' title='bbox 302 1032 332 1077; x_wconf 91' lang='lat' dir='ltr'>et</span> <span class='ocrx_word' id='word_1_77' title='bbox 346 1016 363 1075; x_wconf 75' lang='lat' dir='ltr'>a</span> <span class='ocrx_word' id='word_1_78' title='bbox 378 1016 467 1075; x_wconf 88' lang='lat' dir='ltr'>rebus</span> <span class='ocrx_word' id='word_1_79' title='bbox 484 1011 550 1096; x_wconf 83' lang='lat' dir='ltr'>ipsus</span> <span class='ocrx_word' id='word_1_80' title='bbox 577 1034 674 1074; x_wconf 86' lang='lat' dir='ltr'>rerum</span> <span class='ocrx_word' id='word_1_81' title='bbox 700 1010 1003 1093; x_wconf 82' lang='lat' dir='ltr'>speciesdiscernere,</span> <span class='ocrx_word' id='word_1_82' title='bbox 1032 1010 1239 1096; x_wconf 68' lang='lat' dir='ltr'>prn’juditatas</span> 
     </span>
     <span class='ocr_line' id='line_1_11' title="bbox 45 1096 1240 1187; baseline -0.001 -24"><span class='ocrx_word' id='word_1_83' title='bbox 45 1100 156 1165; x_wconf 70' lang='lat' dir='ltr'>temese</span> <span class='ocrx_word' id='word_1_84' title='bbox 177 1100 333 1183; x_wconf 81' lang='lat' dir='ltr'>opiniones</span> <span class='ocrx_word' id='word_1_85' title='bbox 356 1098 506 1187; x_wconf 74' lang='lat' dir='ltr'>abjicere„</span> <span class='ocrx_word' id='word_1_86' title='bbox 527 1099 670 1180; x_wconf 86' lang='lat' dir='ltr'>principia</span> <span class='ocrx_word' id='word_1_87' title='bbox 690 1114 721 1160; x_wconf 88' lang='lat' dir='ltr'>et</span> <span class='ocrx_word' id='word_1_88' title='bbox 751 1099 854 1161; x_wconf 82' lang='lat' dir='ltr'>causas</span> <span class='ocrx_word' id='word_1_89' title='bbox 887 1098 1057 1161; x_wconf 57' lang='lat' dir='ltr'>astionem*</span> <span class='ocrx_word' id='word_1_90' title='bbox 1074 1096 1240 1162; x_wconf 83' lang='lat' dir='ltr'>noslrarum</span> 
     </span>
     <span class='ocr_line' id='line_1_12' title="bbox 47 1184 1238 1273; baseline -0.002 -26"><span class='ocrx_word' id='word_1_91' title='bbox 47 1185 208 1273; x_wconf 72' lang='lat' dir='ltr'>perspedlas</span> <span class='ocrx_word' id='word_1_92' title='bbox 223 1188 342 1261; x_wconf 88' lang='lat' dir='ltr'>babere,</span> <span class='ocrx_word' id='word_1_93' title='bbox 365 1186 517 1248; x_wconf 82' lang='lat' dir='ltr'>ridiculam</span> <span class='ocrx_word' id='word_1_94' title='bbox 541 1185 671 1267; x_wconf 88' lang='lat' dir='ltr'>denique</span> <span class='ocrx_word' id='word_1_95' title='bbox 685 1204 789 1247; x_wconf 89' lang='lat' dir='ltr'>eorum</span> <span class='ocrx_word' id='word_1_96' title='bbox 812 1184 1004 1267; x_wconf 83' lang='lat' dir='ltr'>pertinaciam</span> <span class='ocrx_word' id='word_1_97' title='bbox 1028 1185 1149 1259; x_wconf 86' lang='lat' dir='ltr'>evitare,</span> <span class='ocrx_word' id='word_1_98' title='bbox 1168 1186 1238 1267; x_wconf 77' lang='lat' dir='ltr'>qui,</span> 
     </span>
     <span class='ocr_line' id='line_1_13' title="bbox 44 1269 1237 1357; baseline -0.002 -22"><span class='ocrx_word' id='word_1_99' title='bbox 44 1273 151 1355; x_wconf 88' lang='lat' dir='ltr'>quibus</span> <span class='ocrx_word' id='word_1_100' title='bbox 166 1272 184 1334; x_wconf 71' lang='lat' dir='ltr'>i</span> <span class='ocrx_word' id='word_1_101' title='bbox 198 1271 369 1357; x_wconf 81' lang='lat' dir='ltr'>magistellis</span> <span class='ocrx_word' id='word_1_102' title='bbox 381 1273 436 1334; x_wconf 89' lang='lat' dir='ltr'>suis</span> <span class='ocrx_word' id='word_1_103' title='bbox 451 1272 642 1353; x_wconf 77' lang='lat' dir='ltr'>opinionibus</span> <span class='ocrx_word' id='word_1_104' title='bbox 659 1271 766 1355; x_wconf 81' lang='lat' dir='ltr'>imbuti</span> <span class='ocrx_word' id='word_1_105' title='bbox 781 1271 854 1333; x_wconf 90' lang='lat' dir='ltr'>olim</span> <span class='ocrx_word' id='word_1_106' title='bbox 870 1271 1004 1346; x_wconf 88' lang='lat' dir='ltr'>suerunt,</span> <span class='ocrx_word' id='word_1_107' title='bbox 1029 1270 1065 1331; x_wconf 90' lang='lat' dir='ltr'>iis</span> <span class='ocrx_word' id='word_1_108' title='bbox 1086 1269 1237 1335; x_wconf 73' lang='lat' dir='ltr'>obstinate</span> 
     </span>
     <span class='ocr_line' id='line_1_14' title="bbox 45 1341 1239 1443; baseline -0.003 -21"><span class='ocrx_word' id='word_1_109' title='bbox 45 1360 204 1436; x_wconf 78' lang='lat' dir='ltr'>inhaerent,</span> <span class='ocrx_word' id='word_1_110' title='bbox 236 1358 317 1421; x_wconf 77' lang='lat' dir='ltr'>nulla</span> <span class='ocrx_word' id='word_1_111' title='bbox 342 1359 442 1443; x_wconf 77' lang='lat' dir='ltr'>habital</span> <span class='ocrx_word' id='word_1_112' title='bbox 465 1358 578 1421; x_wconf 89' lang='lat' dir='ltr'>ratione</span> <span class='ocrx_word' id='word_1_113' title='bbox 600 1357 708 1441; x_wconf 86' lang='lat' dir='ltr'>quibus</span> <span class='ocrx_word' id='word_1_114' title='bbox 732 1358 896 1420; x_wconf 87' lang='lat' dir='ltr'>innitantur</span> <span class='ocrx_word' id='word_1_115' title='bbox 920 1341 1142 1420; x_wconf 85' lang='lat' dir='ltr'>fundamebtis:</span> <span class='ocrx_word' id='word_1_116' title='bbox 1175 1378 1239 1419; x_wconf 90' lang='lat' dir='ltr'>uno</span> 
     </span>
     <span class='ocr_line' id='line_1_15' title="bbox 44 1436 1238 1530; baseline -0.001 -25"><span class='ocrx_word' id='word_1_117' title='bbox 44 1449 147 1520; x_wconf 84' lang='lat' dir='ltr'>verbo,</span> <span class='ocrx_word' id='word_1_118' title='bbox 162 1448 192 1507; x_wconf 90' lang='lat' dir='ltr'>in</span> <span class='ocrx_word' id='word_1_119' title='bbox 207 1467 245 1507; x_wconf 89' lang='lat' dir='ltr'>eo</span> <span class='ocrx_word' id='word_1_120' title='bbox 258 1446 431 1520; x_wconf 85' lang='lat' dir='ltr'>elaboravit,</span> <span class='ocrx_word' id='word_1_121' title='bbox 448 1462 481 1508; x_wconf 92' lang='lat' dir='ltr'>ur</span> <span class='ocrx_word' id='word_1_122' title='bbox 496 1464 552 1507; x_wconf 86' lang='lat' dir='ltr'>nos</span> <span class='ocrx_word' id='word_1_123' title='bbox 568 1445 656 1507; x_wconf 85' lang='lat' dir='ltr'>uobis</span> <span class='ocrx_word' id='word_1_124' title='bbox 671 1444 784 1520; x_wconf 81' lang='lat' dir='ltr'>felices,</span> <span class='ocrx_word' id='word_1_125' title='bbox 800 1444 904 1506; x_wconf 83' lang='lat' dir='ltr'>amicis</span> <span class='ocrx_word' id='word_1_126' title='bbox 914 1443 1064 1530; x_wconf 89' lang='lat' dir='ltr'>jucundos</span> <span class='ocrx_word' id='word_1_127' title='bbox 1079 1460 1109 1506; x_wconf 89' lang='lat' dir='ltr'>et</span> <span class='ocrx_word' id='word_1_128' title='bbox 1125 1436 1238 1523; x_wconf 81' lang='lat' dir='ltr'>fideles,</span> 
     </span>
     <span class='ocr_line' id='line_1_16' title="bbox 40 1527 1215 1615; baseline -0.005 -20"><span class='ocrx_word' id='word_1_129' title='bbox 40 1533 179 1595; x_wconf 81' lang='lat' dir='ltr'>omuibus</span> <span class='ocrx_word' id='word_1_130' title='bbox 196 1532 373 1615; x_wconf 86' lang='lat' dir='ltr'>quibuscum</span> <span class='ocrx_word' id='word_1_131' title='bbox 386 1532 527 1608; x_wconf 81' lang='lat' dir='ltr'>vivimus,</span> <span class='ocrx_word' id='word_1_132' title='bbox 541 1531 730 1607; x_wconf 81' lang='lat' dir='ltr'>commodos,</span> <span class='ocrx_word' id='word_1_133' title='bbox 743 1531 842 1605; x_wconf 68' lang='lat' dir='ltr'>utiles,</span> <span class='ocrx_word' id='word_1_134' title='bbox 854 1548 884 1592; x_wconf 90' lang='lat' dir='ltr'>et</span> <span class='ocrx_word' id='word_1_135' title='bbox 895 1532 1040 1614; x_wconf 83' lang='lat' dir='ltr'>benignos</span> <span class='ocrx_word' id='word_1_136' title='bbox 1054 1527 1215 1611; x_wconf 81' lang='lat' dir='ltr'>praestaret.¹</span> 
     </span>
    </p>

    <p class='ocr_par' dir='ltr' id='par_1_4' title="bbox 45 1614 1260 2215">
     <span class='ocr_line' id='line_1_17' title="bbox 81 1614 1238 1701; baseline -0.002 -21"><span class='ocrx_word' id='word_1_137' title='bbox 81 1615 276 1698; x_wconf 80' lang='lat' dir='ltr'>Interpretari</span> <span class='ocrx_word' id='word_1_138' title='bbox 298 1616 441 1681; x_wconf 71' lang='lat' dir='ltr'>Audieris</span> <span class='ocrx_word' id='word_1_139' title='bbox 456 1618 555 1691; x_wconf 88' lang='lat' dir='ltr'>verba,</span> <span class='ocrx_word' id='word_1_140' title='bbox 576 1616 607 1677; x_wconf 92' lang='lat' dir='ltr'>in</span> <span class='ocrx_word' id='word_1_141' title='bbox 622 1617 750 1701; x_wconf 80' lang='lat' dir='ltr'>Figuras</span> <span class='ocrx_word' id='word_1_142' title='bbox 764 1616 891 1700; x_wconf 82' lang='lat' dir='ltr'>digitum</span> <span class='ocrx_word' id='word_1_143' title='bbox 908 1617 1069 1690; x_wconf 82' lang='lat' dir='ltr'>intendere,</span> <span class='ocrx_word' id='word_1_144' title='bbox 1092 1614 1238 1678; x_wconf 77' lang='lat' dir='ltr'>Lestoree</span> 
     </span>
     <span class='ocr_line' id='line_1_18' title="bbox 45 1702 1260 1788; baseline 0 -23"><span class='ocrx_word' id='word_1_145' title='bbox 45 1723 95 1785; x_wconf 91' lang='lat' dir='ltr'>per</span> <span class='ocrx_word' id='word_1_146' title='bbox 108 1704 255 1766; x_wconf 85' lang='lat' dir='ltr'>orationis</span> <span class='ocrx_word' id='word_1_147' title='bbox 271 1702 415 1766; x_wconf 77' lang='lat' dir='ltr'>involutae</span> <span class='ocrx_word' id='word_1_148' title='bbox 429 1702 624 1788; x_wconf 73' lang='lat' dir='ltr'>labyrinthos,</span> <span class='ocrx_word' id='word_1_149' title='bbox 647 1718 698 1763; x_wconf 92' lang='lat' dir='ltr'>aut</span> <span class='ocrx_word' id='word_1_150' title='bbox 717 1702 922 1783; x_wconf 83' lang='lat' dir='ltr'>‘parentheseos</span> <span class='ocrx_word' id='word_1_151' title='bbox 937 1702 1068 1765; x_wconf 84' lang='lat' dir='ltr'>obscurae</span> <span class='ocrx_word' id='word_1_152' title='bbox 1095 1702 1242 1777; x_wconf 87' lang='lat' dir='ltr'>tenebras,</span> <span class='ocrx_word' id='word_1_153' title='bbox 1257 1758 1260 1765; x_wconf 87' lang='lat'>.</span> 
     </span>
     <span class='ocr_line' id='line_1_19' title="bbox 46 1787 1241 1872; baseline -0.001 -22"><span class='ocrx_word' id='word_1_154' title='bbox 46 1790 165 1865; x_wconf 84' lang='lat' dir='ltr'>ducere,</span> <span class='ocrx_word' id='word_1_155' title='bbox 188 1791 371 1852; x_wconf 84' lang='lat' dir='ltr'>haecomnia</span> <span class='ocrx_word' id='word_1_156' title='bbox 387 1789 458 1851; x_wconf 85' lang='lat' dir='ltr'>nibil</span> <span class='ocrx_word' id='word_1_157' title='bbox 474 1788 619 1852; x_wconf 84' lang='lat' dir='ltr'>eximium</span> <span class='ocrx_word' id='word_1_158' title='bbox 636 1789 760 1865; x_wconf 90' lang='lat' dir='ltr'>habent,</span> <span class='ocrx_word' id='word_1_159' title='bbox 789 1809 856 1864; x_wconf 92' lang='lat' dir='ltr'>nec,</span> <span class='ocrx_word' id='word_1_160' title='bbox 871 1804 904 1849; x_wconf 91' lang='lat' dir='ltr'>ut</span> <span class='ocrx_word' id='word_1_161' title='bbox 928 1787 1063 1869; x_wconf 85' lang='lat' dir='ltr'>loquitur</span> <span class='ocrx_word' id='word_1_162' title='bbox 1082 1787 1241 1872; x_wconf 67' lang='lat' dir='ltr'>Epic‘latus,</span> 
     </span>
     <span class='ocr_line' id='line_1_20' title="bbox 47 1874 1241 1958; baseline 0.001 -23"><span class='ocrx_word' id='word_1_163' title='bbox 47 1876 212 1958; x_wconf 82' lang='lat' dir='ltr'>quidquam</span> <span class='ocrx_word' id='word_1_164' title='bbox 235 1875 351 1956; x_wconf 86' lang='lat' dir='ltr'>pulchri</span> <span class='ocrx_word' id='word_1_165' title='bbox 374 1891 425 1936; x_wconf 90' lang='lat' dir='ltr'>aut</span> <span class='ocrx_word' id='word_1_166' title='bbox 448 1876 575 1956; x_wconf 84' lang='lat' dir='ltr'>sapiente</span> <span class='ocrx_word' id='word_1_167' title='bbox 596 1874 732 1958; x_wconf 86' lang='lat' dir='ltr'>dignum.</span> <span class='ocrx_word' id='word_1_168' title='bbox 779 1876 826 1936; x_wconf 82' lang='lat' dir='ltr'>nd</span> <span class='ocrx_word' id='word_1_169' title='bbox 859 1874 915 1935; x_wconf 93' lang='lat' dir='ltr'>hoc</span> <span class='ocrx_word' id='word_1_170' title='bbox 938 1877 1025 1937; x_wconf 87' lang='lat' dir='ltr'>nobis</span> <span class='ocrx_word' id='word_1_171' title='bbox 1046 1876 1241 1937; x_wconf 83' lang='lat' dir='ltr'>annitendum</span> 
     </span>
     <span class='ocr_line' id='line_1_21' title="bbox 46 1956 1241 2044; baseline -0.001 -22"><span class='ocrx_word' id='word_1_172' title='bbox 46 1956 107 2037; x_wconf 60' lang='grc' dir='ltr'>τῆς</span> <span class='ocrx_word' id='word_1_173' title='bbox 132 1963 193 2024; x_wconf 89' lang='lat' dir='ltr'>boc</span> <span class='ocrx_word' id='word_1_174' title='bbox 220 1982 296 2042; x_wconf 87' lang='lat' dir='ltr'>opus</span> <span class='ocrx_word' id='word_1_175' title='bbox 312 1959 445 2025; x_wconf 89' lang='lat' dir='ltr'>nostrum</span> <span class='ocrx_word' id='word_1_176' title='bbox 460 1959 503 2022; x_wconf 85' lang='lat' dir='ltr'>est</span> <span class='ocrx_word' id='word_1_177' title='bbox 518 1960 707 2043; x_wconf 82' lang='lat' dir='ltr'>palmarium,</span> <span class='ocrx_word' id='word_1_178' title='bbox 730 1960 814 2023; x_wconf 91' lang='lat' dir='ltr'>usum</span> <span class='ocrx_word' id='word_1_179' title='bbox 830 1960 1006 2025; x_wconf 88' lang='lat' dir='ltr'>errationes</span> <span class='ocrx_word' id='word_1_180' title='bbox 1027 1961 1135 2023; x_wconf 91' lang='lat' dir='ltr'>horum</span> <span class='ocrx_word' id='word_1_181' title='bbox 1162 1980 1241 2044; x_wconf 86' lang='lat' dir='ltr'>prae·</span> 
     </span>
     <span class='ocr_line' id='line_1_22' title="bbox 47 2045 1241 2129; baseline 0.001 -21"><span class='ocrx_word' id='word_1_182' title='bbox 47 2062 201 2126; x_wconf 81' lang='lat' dir='ltr'>ceptorum</span> <span class='ocrx_word' id='word_1_183' title='bbox 228 2045 392 2124; x_wconf 88' lang='lat' dir='ltr'>ostendere,</span> <span class='ocrx_word' id='word_1_184' title='bbox 414 2046 577 2128; x_wconf 88' lang='lat' dir='ltr'>eademque</span> <span class='ocrx_word' id='word_1_185' title='bbox 601 2047 844 2122; x_wconf 73' lang='lat' dir='ltr'>austoritatibus,</span> <span class='ocrx_word' id='word_1_186' title='bbox 867 2046 983 2124; x_wconf 75' lang='lat' dir='ltr'>fulcite,</span> <span class='ocrx_word' id='word_1_187' title='bbox 1011 2047 1153 2129; x_wconf 71' lang='lat' dir='ltr'>ut‘palam</span> <span class='ocrx_word' id='word_1_188' title='bbox 1170 2066 1241 2109; x_wconf 88' lang='lat' dir='ltr'>orn·</span> 
     </span>
     <span class='ocr_line' id='line_1_23' title="bbox 46 2129 1239 2215; baseline 0.002 -22"><span class='ocrx_word' id='word_1_189' title='bbox 46 2131 129 2193; x_wconf 76' lang='lat' dir='ltr'>nhus</span> <span class='ocrx_word' id='word_1_190' title='bbox 146 2129 212 2207; x_wconf 84' lang='lat' dir='ltr'>siat,</span> <span class='ocrx_word' id='word_1_191' title='bbox 236 2153 289 2194; x_wconf 87' lang='lat' dir='ltr'>eos</span> <span class='ocrx_word' id='word_1_192' title='bbox 311 2134 367 2215; x_wconf 85' lang='lat' dir='ltr'>qui</span> <span class='ocrx_word' id='word_1_193' title='bbox 386 2153 483 2195; x_wconf 87' lang='lat' dir='ltr'>mores</span> <span class='ocrx_word' id='word_1_194' title='bbox 496 2134 565 2195; x_wconf 86' lang='lat' dir='ltr'>suos</span> <span class='ocrx_word' id='word_1_195' title='bbox 579 2133 614 2195; x_wconf 90' lang='lat' dir='ltr'>ad</span> <span class='ocrx_word' id='word_1_196' title='bbox 630 2134 688 2194; x_wconf 91' lang='lat' dir='ltr'>hoe</span> <span class='ocrx_word' id='word_1_197' title='bbox 712 2132 845 2196; x_wconf 90' lang='lat' dir='ltr'>seculum</span> <span class='ocrx_word' id='word_1_198' title='bbox 866 2152 1046 2213; x_wconf 89' lang='lat' dir='ltr'>componere</span> <span class='ocrx_word' id='word_1_199' title='bbox 1070 2134 1239 2215; x_wconf 77' lang='lat' dir='ltr'>negligunt,</span> 
     </span>
    </p>

    <p class='ocr_par' dir='ltr' id='par_1_5' title="bbox 95 2208 1308 2304">
     <span class='ocr_line' id='line_1_24' title="bbox 95 2208 1308 2304; baseline 0 -24"><span class='ocrx_word' id='word_1_200' title='bbox 95 2217 102 2230; x_wconf 84' lang='lat'>‘</span> <span class='ocrx_word' id='word_1_201' title='bbox 139 2219 236 2281; x_wconf 83' lang='lat' dir='ltr'>lacere</span> <span class='ocrx_word' id='word_1_202' title='bbox 250 2220 385 2304; x_wconf 81' lang='lat' dir='ltr'>aegrotis,</span> <span class='ocrx_word' id='word_1_203' title='bbox 399 2219 451 2304; x_wconf 91' lang='lat' dir='ltr'>qui</span> <span class='ocrx_word' id='word_1_204' title='bbox 463 2218 567 2294; x_wconf 84' lang='lat' dir='ltr'>libros,</span> <span class='ocrx_word' id='word_1_205' title='bbox 584 2221 636 2282; x_wconf 87' lang='lat' dir='ltr'>ubi</span> <span class='ocrx_word' id='word_1_206' title='bbox 652 2208 780 2281; x_wconf 79' lang='lat' dir='ltr'>remedia</span> <span class='ocrx_word' id='word_1_207' title='bbox 795 2218 906 2288; x_wconf 88' lang='lat' dir='ltr'>morbis</span> <span class='ocrx_word' id='word_1_208' title='bbox 921 2219 979 2282; x_wconf 88' lang='lat' dir='ltr'>suis</span> <span class='ocrx_word' id='word_1_209' title='bbox 994 2220 1236 2301; x_wconf 84' lang='lat' dir='ltr'>praescribuntur,</span> <span class='ocrx_word' id='word_1_210' title='bbox 1305 2282 1308 2289; x_wconf 69' lang='grc'>,</span> 
     </span>
    </p>

    <p class='ocr_par' dir='ltr' id='par_1_6' title="bbox 46 2302 1239 2476">
     <span class='ocr_line' id='line_1_25' title="bbox 108 2302 1239 2389; baseline 0.001 -23"><span class='ocrx_word' id='word_1_211' title='bbox 108 2326 140 2366; x_wconf 89' lang='lat' dir='ltr'>re</span> <span class='ocrx_word' id='word_1_212' title='bbox 156 2307 304 2381; x_wconf 80' lang='lat' dir='ltr'>contenti,</span> <span class='ocrx_word' id='word_1_213' title='bbox 316 2303 430 2369; x_wconf 88' lang='lat' dir='ltr'>Medici</span> <span class='ocrx_word' id='word_1_214' title='bbox 439 2302 561 2369; x_wconf 79' lang='lat' dir='ltr'>consilio</span> <span class='ocrx_word' id='word_1_215' title='bbox 569 2320 685 2369; x_wconf 88' lang='lat' dir='ltr'>tautum</span> <span class='ocrx_word' id='word_1_216' title='bbox 694 2304 818 2368; x_wconf 72' lang='lat' dir='ltr'>abellut</span> <span class='ocrx_word' id='word_1_217' title='bbox 829 2320 961 2383; x_wconf 89' lang='lat' dir='ltr'>utantur,</span> <span class='ocrx_word' id='word_1_218' title='bbox 977 2322 1010 2369; x_wconf 92' lang='lat' dir='ltr'>ut</span> <span class='ocrx_word' id='word_1_219' title='bbox 1022 2326 1060 2368; x_wconf 91' lang='lat' dir='ltr'>ne</span> <span class='ocrx_word' id='word_1_220' title='bbox 1070 2304 1239 2389; x_wconf 83' lang='lat' dir='ltr'>intelligant</span> 
     </span>
     <span class='ocr_line' id='line_1_26' title="bbox 46 2389 429 2476; baseline 0.008 -26"><span class='ocrx_word' id='word_1_221' title='bbox 46 2389 167 2472; x_wconf 85' lang='lat' dir='ltr'>quidem</span> <span class='ocrx_word' id='word_1_222' title='bbox 182 2390 248 2476; x_wconf 84' lang='lat' dir='ltr'>rjus</span> <span class='ocrx_word' id='word_1_223' title='bbox 264 2391 429 2455; x_wconf 89' lang='lat' dir='ltr'>utilitatem.</span> 
     </span>
    </p>

    <p class='ocr_par' dir='ltr' id='par_1_7' title="bbox 38 2474 1241 4373">
     <span class='ocr_line' id='line_1_27' title="bbox 82 2474 1238 2563; baseline 0 -24"><span class='ocrx_word' id='word_1_224' title='bbox 82 2474 162 2539; x_wconf 87' lang='lat' dir='ltr'>Nou</span> <span class='ocrx_word' id='word_1_225' title='bbox 176 2476 257 2561; x_wconf 86' lang='lat' dir='ltr'>quod</span> <span class='ocrx_word' id='word_1_226' title='bbox 272 2496 330 2563; x_wconf 87' lang='lat' dir='ltr'>ego</span> <span class='ocrx_word' id='word_1_227' title='bbox 344 2478 375 2540; x_wconf 93' lang='lat' dir='ltr'>in</span> <span class='ocrx_word' id='word_1_228' title='bbox 390 2477 615 2541; x_wconf 87' lang='lat' dir='ltr'>commentariis</span> <span class='ocrx_word' id='word_1_229' title='bbox 631 2477 705 2541; x_wconf 86' lang='lat' dir='ltr'>meis</span> <span class='ocrx_word' id='word_1_230' title='bbox 720 2478 886 2562; x_wconf 86' lang='lat' dir='ltr'>quicquam</span> <span class='ocrx_word' id='word_1_231' title='bbox 898 2478 989 2543; x_wconf 83' lang='lat' dir='ltr'>sciens</span> <span class='ocrx_word' id='word_1_232' title='bbox 1002 2475 1103 2541; x_wconf 87' lang='lat' dir='ltr'>volens</span> <span class='ocrx_word' id='word_1_233' title='bbox 1114 2490 1238 2559; x_wconf 81' lang='lat' dir='ltr'>praeter-</span> 
     </span>
     <span class='ocr_line' id='line_1_28' title="bbox 42 2561 1239 2648; baseline 0 -23"><span class='ocrx_word' id='word_1_234' title='bbox 42 2561 185 2638; x_wconf 81' lang='lat' dir='ltr'>miserim,</span> <span class='ocrx_word' id='word_1_235' title='bbox 208 2564 287 2646; x_wconf 89' lang='lat' dir='ltr'>quod</span> <span class='ocrx_word' id='word_1_236' title='bbox 303 2564 340 2625; x_wconf 92' lang='lat' dir='ltr'>ad</span> <span class='ocrx_word' id='word_1_237' title='bbox 364 2561 568 2627; x_wconf 88' lang='lat' dir='ltr'>Grammatici</span> <span class='ocrx_word' id='word_1_238' title='bbox 582 2564 719 2627; x_wconf 80' lang='lat' dir='ltr'>officium</span> <span class='ocrx_word' id='word_1_239' title='bbox 735 2565 889 2645; x_wconf 87' lang='lat' dir='ltr'>pertineat.</span> <span class='ocrx_word' id='word_1_240' title='bbox 935 2564 1030 2648; x_wconf 89' lang='lat' dir='ltr'>Spero</span> <span class='ocrx_word' id='word_1_241' title='bbox 1054 2564 1083 2626; x_wconf 91' lang='lat' dir='ltr'>id</span> <span class='ocrx_word' id='word_1_242' title='bbox 1105 2565 1239 2626; x_wconf 87' lang='lat' dir='ltr'>sensuros</span> 
     </span>
     <span class='ocr_line' id='line_1_29' title="bbox 44 2645 1238 2735; baseline 0 -24"><span class='ocrx_word' id='word_1_243' title='bbox 44 2645 98 2711; x_wconf 83' lang='lat' dir='ltr'>esse</span> <span class='ocrx_word' id='word_1_244' title='bbox 111 2646 271 2725; x_wconf 72' lang='lat' dir='ltr'>Leeaores,</span> <span class='ocrx_word' id='word_1_245' title='bbox 288 2650 458 2735; x_wconf 89' lang='lat' dir='ltr'>nequejam</span> <span class='ocrx_word' id='word_1_246' title='bbox 477 2649 566 2712; x_wconf 90' lang='lat' dir='ltr'>ullam</span> <span class='ocrx_word' id='word_1_247' title='bbox 583 2649 794 2732; x_wconf 75' lang='lat' dir='ltr'>supersuturam</span> <span class='ocrx_word' id='word_1_248' title='bbox 813 2653 843 2712; x_wconf 88' lang='lat' dir='ltr'>in</span> <span class='ocrx_word' id='word_1_249' title='bbox 858 2651 954 2714; x_wconf 81' lang='lat' dir='ltr'>uerbis</span> <span class='ocrx_word' id='word_1_250' title='bbox 976 2650 1090 2712; x_wconf 86' lang='lat' dir='ltr'>Horatii</span> <span class='ocrx_word' id='word_1_251' title='bbox 1107 2648 1238 2711; x_wconf 81' lang='lat' dir='ltr'>difficul-</span> 
     </span>
     <span class='ocr_line' id='line_1_30' title="bbox 43 2736 1238 2822; baseline -0.001 -26"><span class='ocrx_word' id='word_1_252' title='bbox 43 2746 133 2796; x_wconf 83' lang='lat' dir='ltr'>tatem</span> <span class='ocrx_word' id='word_1_253' title='bbox 145 2756 155 2797; x_wconf 72' lang='grc' dir='ltr'><strong><em>ι</em></strong></span> <span class='ocrx_word' id='word_1_254' title='bbox 167 2758 204 2799; x_wconf 88' lang='lat' dir='ltr'>ac</span> <span class='ocrx_word' id='word_1_255' title='bbox 219 2737 251 2799; x_wconf 91' lang='lat' dir='ltr'>in</span> <span class='ocrx_word' id='word_1_256' title='bbox 266 2737 462 2807; x_wconf 79' lang='lat' dir='ltr'>banccuram</span> <span class='ocrx_word' id='word_1_257' title='bbox 477 2736 628 2818; x_wconf 83' lang='lat' dir='ltr'>praecipue</span> <span class='ocrx_word' id='word_1_258' title='bbox 643 2736 778 2810; x_wconf 90' lang='lat' dir='ltr'>incubui,</span> <span class='ocrx_word' id='word_1_259' title='bbox 793 2751 825 2799; x_wconf 93' lang='lat' dir='ltr'>ut</span> <span class='ocrx_word' id='word_1_260' title='bbox 840 2751 1028 2822; x_wconf 86' lang='lat' dir='ltr'>argumenta,</span> <span class='ocrx_word' id='word_1_261' title='bbox 1040 2756 1108 2818; x_wconf 84' lang='lat' dir='ltr'>quae</span> <span class='ocrx_word' id='word_1_262' title='bbox 1119 2736 1238 2809; x_wconf 70' lang='lat' dir='ltr'>eradiat,</span> 
     </span>
     <span class='ocr_line' id='line_1_31' title="bbox 44 2817 1236 2909; baseline 0.003 -31"><span class='ocrx_word' id='word_1_263' title='bbox 44 2817 217 2885; x_wconf 86' lang='lat' dir='ltr'>illustrarem</span> <span class='ocrx_word' id='word_1_264' title='bbox 230 2850 240 2899; x_wconf 81' lang='lat'>3</span> <span class='ocrx_word' id='word_1_265' title='bbox 265 2823 426 2898; x_wconf 83' lang='lat' dir='ltr'>rationum,</span> <span class='ocrx_word' id='word_1_266' title='bbox 438 2840 511 2905; x_wconf 87' lang='lat' dir='ltr'>quas</span> <span class='ocrx_word' id='word_1_267' title='bbox 526 2822 655 2899; x_wconf 88' lang='lat' dir='ltr'>adhibet,</span> <span class='ocrx_word' id='word_1_268' title='bbox 670 2822 858 2899; x_wconf 87' lang='lat' dir='ltr'>soliditatem,</span> <span class='ocrx_word' id='word_1_269' title='bbox 875 2824 1081 2909; x_wconf 67' lang='lat' dir='ltr'>indigitarema</span> <span class='ocrx_word' id='word_1_270' title='bbox 1098 2838 1130 2884; x_wconf 90' lang='lat' dir='ltr'>ut</span> <span class='ocrx_word' id='word_1_271' title='bbox 1143 2843 1236 2901; x_wconf 85' lang='lat' dir='ltr'>expe-</span> 
     </span>
     <span class='ocr_line' id='line_1_32' title="bbox 43 2904 1240 2992; baseline 0.004 -27"><span class='ocrx_word' id='word_1_272' title='bbox 43 2904 134 2968; x_wconf 76' lang='lat' dir='ltr'>direm</span> <span class='ocrx_word' id='word_1_273' title='bbox 151 2906 295 2970; x_wconf 86' lang='lat' dir='ltr'>circuitus</span> <span class='ocrx_word' id='word_1_274' title='bbox 310 2926 340 2972; x_wconf 89' lang='lat' dir='ltr'>et</span> <span class='ocrx_word' id='word_1_275' title='bbox 355 2910 507 2992; x_wconf 83' lang='lat' dir='ltr'>ambages,</span> <span class='ocrx_word' id='word_1_276' title='bbox 530 2929 581 2991; x_wconf 92' lang='lat' dir='ltr'>per</span> <span class='ocrx_word' id='word_1_277' title='bbox 605 2927 681 2991; x_wconf 90' lang='lat' dir='ltr'>quas</span> <span class='ocrx_word' id='word_1_278' title='bbox 709 2929 924 2990; x_wconf 87' lang='lat' dir='ltr'>nonnunquam</span> <span class='ocrx_word' id='word_1_279' title='bbox 939 2911 1060 2973; x_wconf 74' lang='lat' dir='ltr'>incedit*</span> <span class='ocrx_word' id='word_1_280' title='bbox 1074 2909 1109 2970; x_wconf 89' lang='lat' dir='ltr'>ad</span> <span class='ocrx_word' id='word_1_281' title='bbox 1130 2905 1240 2989; x_wconf 84' lang='lat' dir='ltr'>placita</span> 
     </span>
     <span class='ocr_line' id='line_1_33' title="bbox 43 2989 1239 3070; baseline 0.003 -18"><span class='ocrx_word' id='word_1_282' title='bbox 43 2989 92 3054; x_wconf 84' lang='lat' dir='ltr'>sua</span> <span class='ocrx_word' id='word_1_283' title='bbox 103 2991 324 3070; x_wconf 75' lang='lat' dir='ltr'>confirmanda,</span> <span class='ocrx_word' id='word_1_284' title='bbox 338 3010 368 3057; x_wconf 90' lang='lat' dir='ltr'>et</span> <span class='ocrx_word' id='word_1_285' title='bbox 383 2995 420 3056; x_wconf 91' lang='lat' dir='ltr'>ad</span> <span class='ocrx_word' id='word_1_286' title='bbox 436 2996 584 3058; x_wconf 85' lang='lat' dir='ltr'>contraria</span> <span class='ocrx_word' id='word_1_287' title='bbox 599 2994 761 3069; x_wconf 89' lang='lat' dir='ltr'>refutanda,</span> <span class='ocrx_word' id='word_1_288' title='bbox 787 2995 830 3056; x_wconf 82' lang='lat' dir='ltr'>vel</span> <span class='ocrx_word' id='word_1_289' title='bbox 847 2996 1014 3059; x_wconf 90' lang='lat' dir='ltr'>eludenda:</span> <span class='ocrx_word' id='word_1_290' title='bbox 1040 3012 1073 3055; x_wconf 89' lang='lat' dir='ltr'>ut</span> <span class='ocrx_word' id='word_1_291' title='bbox 1084 2996 1239 3056; x_wconf 89' lang='lat' dir='ltr'>veritatem</span> 
     </span>
     <span class='ocr_line' id='line_1_34' title="bbox 45 3075 1241 3167; baseline -0.002 -24"><span class='ocrx_word' id='word_1_292' title='bbox 45 3075 233 3143; x_wconf 68' lang='lat' dir='ltr'>affirumuum</span> <span class='ocrx_word' id='word_1_293' title='bbox 251 3079 338 3162; x_wconf 86' lang='lat' dir='ltr'>ipsius</span> <span class='ocrx_word' id='word_1_294' title='bbox 362 3078 519 3167; x_wconf 71' lang='lat' dir='ltr'>stabilirem</span> <span class='ocrx_word' id='word_1_295' title='bbox 534 3094 555 3156; x_wconf 67' lang='grc' dir='ltr'>ς’</span> <span class='ocrx_word' id='word_1_296' title='bbox 570 3095 603 3143; x_wconf 91' lang='lat' dir='ltr'>ut</span> <span class='ocrx_word' id='word_1_297' title='bbox 626 3081 772 3145; x_wconf 86' lang='lat' dir='ltr'>vafritiem</span> <span class='ocrx_word' id='word_1_298' title='bbox 787 3083 863 3167; x_wconf 86' lang='lat' dir='ltr'>ejus,</span> <span class='ocrx_word' id='word_1_299' title='bbox 886 3083 936 3144; x_wconf 91' lang='lat' dir='ltr'>ubi</span> <span class='ocrx_word' id='word_1_300' title='bbox 961 3081 1042 3166; x_wconf 82' lang='lat' dir='ltr'>quasa</span> <span class='ocrx_word' id='word_1_301' title='bbox 1055 3090 1103 3143; x_wconf 86' lang='lat' dir='ltr'>&#39;ex</span> <span class='ocrx_word' id='word_1_302' title='bbox 1130 3080 1241 3142; x_wconf 78' lang='lat' dir='ltr'>insidiis</span> 
     </span>
     <span class='ocr_line' id='line_1_35' title="bbox 43 3164 1240 3251; baseline 0.006 -28"><span class='ocrx_word' id='word_1_303' title='bbox 43 3166 116 3247; x_wconf 84' lang='lat' dir='ltr'>agit,</span> <span class='ocrx_word' id='word_1_304' title='bbox 140 3188 212 3251; x_wconf 86' lang='lat' dir='ltr'>quae</span> <span class='ocrx_word' id='word_1_305' title='bbox 238 3164 398 3243; x_wconf 76' lang='lat' dir='ltr'>Lcdsorem</span> <span class='ocrx_word' id='word_1_306' title='bbox 427 3168 599 3247; x_wconf 89' lang='lat' dir='ltr'>imperitum</span> <span class='ocrx_word' id='word_1_307' title='bbox 626 3166 715 3230; x_wconf 74' lang='lat' dir='ltr'>facile</span> <span class='ocrx_word' id='word_1_308' title='bbox 729 3167 838 3249; x_wconf 83' lang='lat' dir='ltr'>fugiat,</span> <span class='ocrx_word' id='word_1_309' title='bbox 859 3168 955 3231; x_wconf 85' lang='lat' dir='ltr'>oculis</span> <span class='ocrx_word' id='word_1_310' title='bbox 978 3186 1180 3250; x_wconf 78' lang='lat' dir='ltr'>exponerem3</span> <span class='ocrx_word' id='word_1_311' title='bbox 1207 3183 1240 3230; x_wconf 89' lang='lat' dir='ltr'>ut</span> 
     </span>
     <span class='ocr_line' id='line_1_36' title="bbox 43 3247 1240 3338; baseline 0.001 -25"><span class='ocrx_word' id='word_1_312' title='bbox 43 3247 174 3335; x_wconf 85' lang='lat' dir='ltr'>denique</span> <span class='ocrx_word' id='word_1_313' title='bbox 187 3256 218 3315; x_wconf 87' lang='lat' dir='ltr'>iu</span> <span class='ocrx_word' id='word_1_314' title='bbox 236 3255 370 3335; x_wconf 87' lang='lat' dir='ltr'>apricum</span> <span class='ocrx_word' id='word_1_315' title='bbox 388 3254 550 3334; x_wconf 80' lang='lat' dir='ltr'>proferrem</span> <span class='ocrx_word' id='word_1_316' title='bbox 565 3253 726 3315; x_wconf 89' lang='lat' dir='ltr'>ridiculum</span> <span class='ocrx_word' id='word_1_317' title='bbox 751 3254 835 3330; x_wconf 90' lang='lat' dir='ltr'>illud,</span> <span class='ocrx_word' id='word_1_318' title='bbox 862 3255 943 3338; x_wconf 86' lang='lat' dir='ltr'>quod</span> <span class='ocrx_word' id='word_1_319' title='bbox 958 3254 989 3317; x_wconf 92' lang='lat' dir='ltr'>in</span> <span class='ocrx_word' id='word_1_320' title='bbox 1006 3255 1146 3317; x_wconf 87' lang='lat' dir='ltr'>omnibus</span> <span class='ocrx_word' id='word_1_321' title='bbox 1161 3273 1240 3334; x_wconf 79' lang='lat' dir='ltr'>quas</span> 
     </span>
     <span class='ocr_line' id='line_1_37' title="bbox 42 3338 1240 3423; baseline 0.004 -25"><span class='ocrx_word' id='word_1_322' title='bbox 42 3356 121 3419; x_wconf 90' lang='lat' dir='ltr'>oppu</span> <span class='ocrx_word' id='word_1_323' title='bbox 147 3353 199 3402; x_wconf 87' lang='lat' dir='ltr'>nat</span> <span class='ocrx_word' id='word_1_324' title='bbox 213 3339 301 3401; x_wconf 86' lang='lat' dir='ltr'>rebus</span> <span class='ocrx_word' id='word_1_325' title='bbox 321 3339 467 3402; x_wconf 90' lang='lat' dir='ltr'>adhibuit.</span> <span class='ocrx_word' id='word_1_326' title='bbox 514 3338 589 3402; x_wconf 81' lang='lat' dir='ltr'>Haec</span> <span class='ocrx_word' id='word_1_327' title='bbox 605 3339 671 3402; x_wconf 91' lang='lat' dir='ltr'>sunt</span> <span class='ocrx_word' id='word_1_328' title='bbox 685 3362 755 3423; x_wconf 77' lang='lat' dir='ltr'>quae</span> <span class='ocrx_word' id='word_1_329' title='bbox 770 3338 843 3403; x_wconf 90' lang='lat' dir='ltr'>secit</span> <span class='ocrx_word' id='word_1_330' title='bbox 856 3358 925 3403; x_wconf 91' lang='lat' dir='ltr'>ante</span> <span class='ocrx_word' id='word_1_331' title='bbox 942 3362 989 3403; x_wconf 90' lang='lat' dir='ltr'>me</span> <span class='ocrx_word' id='word_1_332' title='bbox 1010 3360 1109 3403; x_wconf 90' lang='lat' dir='ltr'>nemo.</span> <span class='ocrx_word' id='word_1_333' title='bbox 1154 3339 1240 3403; x_wconf 86' lang='lat' dir='ltr'>Nam</span> 
     </span>
     <span class='ocr_line' id='line_1_38' title="bbox 41 3424 1240 3509; baseline 0.004 -26"><span class='ocrx_word' id='word_1_334' title='bbox 41 3437 75 3484; x_wconf 89' lang='lat' dir='ltr'>ut</span> <span class='ocrx_word' id='word_1_335' title='bbox 94 3446 111 3485; x_wconf 93' lang='lat' dir='ltr'>e</span> <span class='ocrx_word' id='word_1_336' title='bbox 157 3424 299 3489; x_wconf 88' lang='lat' dir='ltr'>Horatius</span> <span class='ocrx_word' id='word_1_337' title='bbox 315 3446 400 3486; x_wconf 86' lang='lat' dir='ltr'>verus</span> <span class='ocrx_word' id='word_1_338' title='bbox 417 3425 551 3505; x_wconf 88' lang='lat' dir='ltr'>Proteus,</span> <span class='ocrx_word' id='word_1_339' title='bbox 574 3425 647 3509; x_wconf 83' lang='lat' dir='ltr'>saepe</span> <span class='ocrx_word' id='word_1_340' title='bbox 669 3426 780 3488; x_wconf 86' lang='lat' dir='ltr'>formas</span> <span class='ocrx_word' id='word_1_341' title='bbox 804 3428 957 3503; x_wconf 87' lang='lat' dir='ltr'>variando,</span> <span class='ocrx_word' id='word_1_342' title='bbox 980 3430 1155 3508; x_wconf 89' lang='lat' dir='ltr'>interpretes</span> <span class='ocrx_word' id='word_1_343' title='bbox 1172 3427 1240 3491; x_wconf 83' lang='lat' dir='ltr'>suos</span> 
     </span>
     <span class='ocr_line' id='line_1_39' title="bbox 39 3506 1240 3598; baseline 0.003 -28"><span class='ocrx_word' id='word_1_344' title='bbox 39 3506 112 3591; x_wconf 83' lang='lat' dir='ltr'>saepe</span> <span class='ocrx_word' id='word_1_345' title='bbox 125 3506 249 3598; x_wconf 85' lang='lat' dir='ltr'>effugit,</span> <span class='ocrx_word' id='word_1_346' title='bbox 271 3511 325 3592; x_wconf 88' lang='lat' dir='ltr'>qui</span> <span class='ocrx_word' id='word_1_347' title='bbox 351 3509 425 3573; x_wconf 76' lang='lat' dir='ltr'>cum</span> <span class='ocrx_word' id='word_1_348' title='bbox 440 3514 538 3594; x_wconf 87' lang='lat' dir='ltr'>ipsum</span> <span class='ocrx_word' id='word_1_349' title='bbox 560 3513 771 3593; x_wconf 88' lang='lat' dir='ltr'>reprehendere</span> <span class='ocrx_word' id='word_1_350' title='bbox 786 3516 957 3595; x_wconf 87' lang='lat' dir='ltr'>nequirent,</span> <span class='ocrx_word' id='word_1_351' title='bbox 980 3512 1131 3596; x_wconf 85' lang='lat' dir='ltr'>stupentes</span> <span class='ocrx_word' id='word_1_352' title='bbox 1157 3512 1240 3574; x_wconf 88' lang='lat' dir='ltr'>sece-</span> 
     </span>
     <span class='ocr_line' id='line_1_40' title="bbox 39 3597 1239 3681; baseline 0.003 -24"><span class='ocrx_word' id='word_1_353' title='bbox 39 3610 118 3673; x_wconf 87' lang='lat' dir='ltr'>runt,</span> <span class='ocrx_word' id='word_1_354' title='bbox 141 3599 224 3679; x_wconf 88' lang='lat' dir='ltr'>quod</span> <span class='ocrx_word' id='word_1_355' title='bbox 240 3612 410 3679; x_wconf 89' lang='lat' dir='ltr'>potuerunt.</span> <span class='ocrx_word' id='word_1_356' title='bbox 457 3599 627 3661; x_wconf 83' lang='lat' dir='ltr'>Affixerunt</span> <span class='ocrx_word' id='word_1_357' title='bbox 652 3597 679 3660; x_wconf 88' lang='lat' dir='ltr'>ei</span> <span class='ocrx_word' id='word_1_358' title='bbox 696 3599 898 3681; x_wconf 74' lang='lat' dir='ltr'>sepenumero</span> <span class='ocrx_word' id='word_1_359' title='bbox 921 3600 1033 3665; x_wconf 89' lang='lat' dir='ltr'>sensum</span> <span class='ocrx_word' id='word_1_360' title='bbox 1060 3621 1121 3662; x_wconf 92' lang='lat' dir='ltr'>non</span> <span class='ocrx_word' id='word_1_361' title='bbox 1142 3600 1239 3661; x_wconf 90' lang='lat' dir='ltr'>solum</span> 
     </span>
     <span class='ocr_line' id='line_1_41' title="bbox 39 3678 1240 3775; baseline 0.003 -33"><span class='ocrx_word' id='word_1_362' title='bbox 39 3678 199 3761; x_wconf 71' lang='lat' dir='ltr'>(seersum,</span> <span class='ocrx_word' id='word_1_363' title='bbox 228 3683 274 3747; x_wconf 83' lang='lat' dir='ltr'>sed</span> <span class='ocrx_word' id='word_1_364' title='bbox 297 3684 389 3747; x_wconf 89' lang='lat' dir='ltr'>eriam</span> <span class='ocrx_word' id='word_1_365' title='bbox 410 3683 576 3762; x_wconf 89' lang='lat' dir='ltr'>adversum,</span> <span class='ocrx_word' id='word_1_366' title='bbox 598 3684 834 3775; x_wconf 35' lang='lat' dir='ltr'>quemque‘ipse</span> <span class='ocrx_word' id='word_1_367' title='bbox 849 3707 886 3748; x_wconf 93' lang='lat' dir='ltr'>eo</span> <span class='ocrx_word' id='word_1_368' title='bbox 901 3685 969 3748; x_wconf 87' lang='lat' dir='ltr'>loco</span> <span class='ocrx_word' id='word_1_369' title='bbox 986 3685 1117 3748; x_wconf 81' lang='lat' dir='ltr'>refellere</span> <span class='ocrx_word' id='word_1_370' title='bbox 1132 3685 1240 3747; x_wconf 84' lang='lat' dir='ltr'>voluit.</span> 
     </span>
     <span class='ocr_line' id='line_1_42' title="bbox 39 3758 1239 3855; baseline 0.002 -27"><span class='ocrx_word' id='word_1_371' title='bbox 39 3764 113 3832; x_wconf 90' lang='lat' dir='ltr'>Non</span> <span class='ocrx_word' id='word_1_372' title='bbox 123 3769 205 3851; x_wconf 90' lang='lat' dir='ltr'>quod</span> <span class='ocrx_word' id='word_1_373' title='bbox 217 3770 450 3854; x_wconf 79' lang='lat' dir='ltr'>egoquicquam</span> <span class='ocrx_word' id='word_1_374' title='bbox 465 3771 630 3832; x_wconf 77' lang='lat' dir='ltr'>detradtum</span> <span class='ocrx_word' id='word_1_375' title='bbox 640 3774 682 3833; x_wconf 87' lang='lat' dir='ltr'>eis</span> <span class='ocrx_word' id='word_1_376' title='bbox 698 3758 800 3849; x_wconf 73' lang='lat' dir='ltr'>veliin,</span> <span class='ocrx_word' id='word_1_377' title='bbox 813 3773 866 3855; x_wconf 90' lang='lat' dir='ltr'>qui</span> <span class='ocrx_word' id='word_1_378' title='bbox 882 3787 951 3837; x_wconf 89' lang='lat' dir='ltr'>ante</span> <span class='ocrx_word' id='word_1_379' title='bbox 964 3793 1012 3835; x_wconf 93' lang='lat' dir='ltr'>me</span> <span class='ocrx_word' id='word_1_380' title='bbox 1029 3771 1239 3833; x_wconf 87' lang='lat' dir='ltr'>Horatioillu·</span> 
     </span>
     <span class='ocr_line' id='line_1_43' title="bbox 38 3850 1238 3933; baseline 0 -17"><span class='ocrx_word' id='word_1_381' title='bbox 38 3850 157 3917; x_wconf 81' lang='lat' dir='ltr'>strando</span> <span class='ocrx_word' id='word_1_382' title='bbox 178 3856 312 3919; x_wconf 87' lang='lat' dir='ltr'>laborem</span> <span class='ocrx_word' id='word_1_383' title='bbox 338 3856 422 3919; x_wconf 92' lang='lat' dir='ltr'>suum</span> <span class='ocrx_word' id='word_1_384' title='bbox 446 3856 656 3919; x_wconf 89' lang='lat' dir='ltr'>contuleruut:</span> <span class='ocrx_word' id='word_1_385' title='bbox 685 3857 775 3918; x_wconf 89' lang='lat' dir='ltr'>laudo</span> <span class='ocrx_word' id='word_1_386' title='bbox 791 3876 917 3922; x_wconf 86' lang='lat' dir='ltr'>conatus</span> <span class='ocrx_word' id='word_1_387' title='bbox 934 3857 1066 3933; x_wconf 91' lang='lat' dir='ltr'>illorum,</span> <span class='ocrx_word' id='word_1_388' title='bbox 1091 3858 1132 3918; x_wconf 91' lang='lat' dir='ltr'>illi</span> <span class='ocrx_word' id='word_1_389' title='bbox 1160 3854 1238 3919; x_wconf 89' lang='lat' dir='ltr'>mihi</span> 
     </span>
     <span class='ocr_line' id='line_1_44' title="bbox 41 3939 1239 4027; baseline 0.007 -29"><span class='ocrx_word' id='word_1_390' title='bbox 41 3939 117 4003; x_wconf 84' lang='lat' dir='ltr'>riam</span> <span class='ocrx_word' id='word_1_391' title='bbox 134 3957 344 4025; x_wconf 84' lang='lat' dir='ltr'>apperuerunt.</span> <span class='ocrx_word' id='word_1_392' title='bbox 369 3942 400 4005; x_wconf 88' lang='lat' dir='ltr'>Si</span> <span class='ocrx_word' id='word_1_393' title='bbox 411 3946 472 4025; x_wconf 81' lang='lat' dir='ltr'>quai</span> <span class='ocrx_word' id='word_1_394' title='bbox 488 3944 519 4005; x_wconf 87' lang='lat' dir='ltr'>in</span> <span class='ocrx_word' id='word_1_395' title='bbox 534 3962 566 4005; x_wconf 92' lang='lat' dir='ltr'>re</span> <span class='ocrx_word' id='word_1_396' title='bbox 577 3964 635 4027; x_wconf 86' lang='lat' dir='ltr'>ego</span> <span class='ocrx_word' id='word_1_397' title='bbox 649 3942 716 4007; x_wconf 87' lang='lat' dir='ltr'>illos</span> <span class='ocrx_word' id='word_1_398' title='bbox 731 3944 872 4024; x_wconf 87' lang='lat' dir='ltr'>superavi,</span> <span class='ocrx_word' id='word_1_399' title='bbox 888 3964 978 4007; x_wconf 90' lang='lat' dir='ltr'>omne</span> <span class='ocrx_word' id='word_1_400' title='bbox 993 3944 1064 4006; x_wconf 91' lang='lat' dir='ltr'>illud</span> <span class='ocrx_word' id='word_1_401' title='bbox 1079 3958 1239 4022; x_wconf 87' lang='lat' dir='ltr'>acceptum</span> 
     </span>
     <span class='ocr_line' id='line_1_45' title="bbox 39 4024 1238 4116; baseline 0 -25"><span class='ocrx_word' id='word_1_402' title='bbox 39 4024 133 4091; x_wconf 79' lang='lat' dir='ltr'>resero</span> <span class='ocrx_word' id='word_1_403' title='bbox 151 4030 268 4111; x_wconf 85' lang='lat' dir='ltr'>magnis</span> <span class='ocrx_word' id='word_1_404' title='bbox 283 4028 344 4094; x_wconf 80' lang='lat' dir='ltr'>illis</span> <span class='ocrx_word' id='word_1_405' title='bbox 358 4050 396 4092; x_wconf 89' lang='lat' dir='ltr'>ex</span> <span class='ocrx_word' id='word_1_406' title='bbox 410 4030 587 4113; x_wconf 89' lang='lat' dir='ltr'>antiquitate</span> <span class='ocrx_word' id='word_1_407' title='bbox 603 4031 687 4107; x_wconf 86' lang='lat' dir='ltr'>viris,</span> <span class='ocrx_word' id='word_1_408' title='bbox 714 4049 792 4112; x_wconf 86' lang='lat' dir='ltr'>quos</span> <span class='ocrx_word' id='word_1_409' title='bbox 809 4035 920 4116; x_wconf 88' lang='lat' dir='ltr'>majore</span> <span class='ocrx_word' id='word_1_410' title='bbox 937 4051 1009 4093; x_wconf 90' lang='lat' dir='ltr'>cum</span> <span class='ocrx_word' id='word_1_411' title='bbox 1025 4029 1109 4103; x_wconf 77' lang='lat' dir='ltr'>curas,</span> <span class='ocrx_word' id='word_1_412' title='bbox 1125 4029 1238 4113; x_wconf 87' lang='lat' dir='ltr'>majore</span> 
     </span>
     <span class='ocr_line' id='line_1_46' title="bbox 40 4112 1236 4198; baseline 0.001 -21"><span class='ocrx_word' id='word_1_413' title='bbox 40 4112 120 4177; x_wconf 69' lang='lat' dir='ltr'>terte</span> <span class='ocrx_word' id='word_1_414' title='bbox 136 4114 213 4192; x_wconf 88' lang='lat' dir='ltr'>otio,</span> <span class='ocrx_word' id='word_1_415' title='bbox 227 4114 300 4198; x_wconf 87' lang='lat' dir='ltr'>legi,</span> <span class='ocrx_word' id='word_1_416' title='bbox 318 4115 486 4179; x_wconf 84' lang='lat' dir='ltr'>Homerum</span> <span class='ocrx_word' id='word_1_417' title='bbox 501 4117 584 4193; x_wconf 91' lang='lat' dir='ltr'>dico,</span> <span class='ocrx_word' id='word_1_418' title='bbox 609 4113 778 4194; x_wconf 86' lang='lat' dir='ltr'>Platonem,</span> <span class='ocrx_word' id='word_1_419' title='bbox 804 4116 1004 4192; x_wconf 80' lang='lat' dir='ltr'>Aristotelem,</span> <span class='ocrx_word' id='word_1_420' title='bbox 1026 4115 1158 4195; x_wconf 81' lang='lat' dir='ltr'>aliosque</span> <span class='ocrx_word' id='word_1_421' title='bbox 1174 4130 1236 4178; x_wconf 89' lang='lat' dir='ltr'>ram</span> 
     </span>
     <span class='ocr_line' id='line_1_47' title="bbox 40 4194 1236 4284; baseline 0.001 -23"><span class='ocrx_word' id='word_1_422' title='bbox 40 4194 184 4275; x_wconf 73' lang='lat' dir='ltr'>Grecos,</span> <span class='ocrx_word' id='word_1_423' title='bbox 208 4223 301 4282; x_wconf 91' lang='lat' dir='ltr'>quam</span> <span class='ocrx_word' id='word_1_424' title='bbox 316 4199 457 4275; x_wconf 87' lang='lat' dir='ltr'>Latinos,</span> <span class='ocrx_word' id='word_1_425' title='bbox 473 4223 550 4283; x_wconf 89' lang='lat' dir='ltr'>quos</span> <span class='ocrx_word' id='word_1_426' title='bbox 562 4200 670 4265; x_wconf 71' lang='lat' dir='ltr'>assrdue</span> <span class='ocrx_word' id='word_1_427' title='bbox 686 4219 763 4280; x_wconf 88' lang='lat' dir='ltr'>tero,</span> <span class='ocrx_word' id='word_1_428' title='bbox 783 4217 818 4265; x_wconf 88' lang='lat' dir='ltr'>ut</span> <span class='ocrx_word' id='word_1_429' title='bbox 833 4203 988 4265; x_wconf 78' lang='lat' dir='ltr'>ad‘eorum</span> <span class='ocrx_word' id='word_1_430' title='bbox 1004 4200 1125 4284; x_wconf 86' lang='lat' dir='ltr'>guslum</span> <span class='ocrx_word' id='word_1_431' title='bbox 1140 4201 1236 4263; x_wconf 84' lang='lat' dir='ltr'>resor-</span> 
     </span>
     <span class='ocr_line' id='line_1_48' title="bbox 42 4286 1237 4373; baseline 0 -26"><span class='ocrx_word' id='word_1_432' title='bbox 42 4306 120 4349; x_wconf 87' lang='lat' dir='ltr'>ruern</span> <span class='ocrx_word' id='word_1_433' title='bbox 137 4306 254 4364; x_wconf 88' lang='lat' dir='ltr'>meum,</span> <span class='ocrx_word' id='word_1_434' title='bbox 269 4309 435 4371; x_wconf 84' lang='lat' dir='ltr'>eorumque</span> <span class='ocrx_word' id='word_1_435' title='bbox 451 4287 709 4373; x_wconf 83' lang='lat' dir='ltr'>sontibuslngeuii</span> <span class='ocrx_word' id='word_1_436' title='bbox 723 4303 754 4353; x_wconf 88' lang='lat' dir='ltr'>et</span> <span class='ocrx_word' id='word_1_437' title='bbox 768 4286 948 4372; x_wconf 87' lang='lat' dir='ltr'>Judiciimei</span> <span class='ocrx_word' id='word_1_438' title='bbox 961 4286 1095 4351; x_wconf 81' lang='lat' dir='ltr'>hortulos</span> <span class='ocrx_word' id='word_1_439' title='bbox 1106 4288 1237 4373; x_wconf 82' lang='lat' dir='ltr'>irrigem.</span> 
     </span>
    </p>
   </div>
   <div class='ocr_carea' id='block_1_3' title="bbox 647 4398 669 4458">
    <p class='ocr_par' dir='ltr' id='par_1_8' title="bbox 647 4398 669 4458">
     <span class='ocr_line' id='line_1_49' title="bbox 647 4398 669 4458; baseline 0 0"><span class='ocrx_word' id='word_1_440' title='bbox 647 4398 669 4458; x_wconf 84' lang='lat'>4</span> 
     </span>
    </p>
   </div>
   <div class='ocr_carea' id='block_1_4' title="bbox 0 0 1414 4767">
    <p class='ocr_par' dir='ltr' id='par_1_9' title="bbox 0 0 1414 4767">
     <span class='ocr_line' id='line_1_50' title="bbox 0 0 1414 4767; baseline 0 0"><span class='ocrx_word' id='word_1_441' title='bbox 0 0 1414 4767; x_wconf 95' lang='lat' dir='ltr'> </span> 
     </span>
    </p>
   </div>
  </div>
 </body>
</html>
