2809 4767
218 183 284 255 ³52
344 148 347 157 “
572 160 764 231 preren
785 160 1052 229 ermanno.

202 286 204 291 ⁵
260 297 339 363 Non
349 294 1392 383 desunt‚scio,bistemporibusquimagtraillaNominarisuexcipimt·l

216 386 272 472 qui
282 386 443 447 reclamant
451 380 602 461 laudibus,
616 387 724 469 quibus
734 388 895 465 peremnia
908 382 1004 467 secula
1014 384 1148 447 celebrati
1154 388 1306 470 ornatique
1312 390 1367 463 suut,
1390 396 1392 467 j

54 484 72 531 t
214 474 327 556 quique
341 471 408 533 illos
421 469 543 550 spoliare
557 470 650 533 velint
663 472 699 533 iis
710 469 842 545 coronis,
854 480 927 551 quas
942 485 1027 534 tanto
1039 470 1093 533 suo
1104 474 1212 535 merito
1226 472 1261 535 de
1274 475 1365 537 'lnbe-
1391 472 1392 555 ]

213 558 331 621 natibus
346 556 419 619 adeo
431 554 562 641 augustis
573 559 772 639 reportarunt.
817 558 864 619 At
877 556 918 630 hi,
932 555 1004 618 dum
1020 558 1114 619 nimio
1127 555 1288 623 efferuntur
1297 558 1366 621 dudio

192 718 195 727 4
213 665 280 706 eam
295 641 441 705 deuitandi
461 641 697 720 admirationem,
723 642 812 727 cujus
833 657 925 705 muter
948 639 991 704 esi
1004 645 1179 728 ignorantia,
1200 645 1364 726 imprudentes
1391 714 1392 717 Ἴ

212 729 365 793 discedunt
379 728 416 789 ab
430 726 521 791 alteri
536 726 598 804 illi,
610 749 699 811 quam
716 724 802 790 Plato
813 743 967 809 nuncupat
980 742 1100 793 matrem
1104 732 1364 815 sapientiaquem
1390 720 1392 769 ²

211 818 308 897 prima
321 813 425 879 oculos
439 814 610 876 hominibus
629 814 753 897 aperuit.
799 811 932 876 Minime
948 815 1039 876 miror
1053 814 1294 895 pulchritudinem
1307 815 1362 878 illm
1390 838 1392 865 i

158 952 161 959 .
211 902 430 982 divinamque
443 900 519 981 apud
529 895 793 983 scriptoreslonge
805 896 1052 981 praellantifftmos
1060 901 1171 979 elucet,
1183 901 1251 965 istos
1261 904 1363 964 bomiret
1390 876 1392 949 l

211 1009 275 1051 non
290 1007 406 1066 capere,
430 1007 530 1068 neque
544 985 673 1049 trahere:
699 1006 807 1066 nempe
821 978 1000 1049 infirmiores
1024 986 1213 1070 sunnonem
1236 1004 1267 1049 ut
1286 988 1362 1050 oeulos
1390 992 1392 1051 ἕ

211 1074 303 1137 tantis
319 1070 520 1154 splendoribus
531 1070 826 1139 intentosdiutenete
837 1086 964 1153 queant:
983 1072 1361 1139 nedieamsacilemessenu
1390 1058 1392 1117 ¹

211 1160 365 1241 Antiquos
377 1172 580 1234 contemnere,
595 1156 765 1219 laboriosam
784 1156 852 1219 verb
867 1157 1037 1242 intelligere.

254 1244 347 1327 Qrod
363 1244 398 1306 ad
411 1265 459 1306 me
472 1244 589 1323 attinet,
602 1239 735 1306 Divinos
746 1241 811 1304 illos
829 1239 919 1305 Viros
932 1265 970 1305 ex
984 1244 1085 1308 animo
1103 1259 1187 1310 totus
1202 1245 1315 1309 admiror
1324 1264 1359 1305 rr·
1391 1246 1392 1263 ¹

210 1351 367 1415 retorque.
412 1327 477 1394 Eos
499 1328 574 1392 mihi
589 1330 700 1411 semper
714 1329 753 1391 ob
773 1328 875 1392 oculos
899 1349 991 1411 pono,
1014 1336 1095 1395 velut
1109 1330 1234 1414 Judices
1254 1329 1360 1394 terendos
1390 1270 1392 1377 l

202 1436 240 1482 et
255 1418 455 1498 incorruptos,
471 1414 546 1496 apud
562 1436 638 1500 quos
651 1415 775 1480 libenter
785 1413 868 1501 lingo
876 1415 1052 1479 reddendam
1066 1418 1141 1481 mihi
1153 1416 1212 1483 esse
1222 1420 1360 1502 scriptorio

205 1525 346 1568 meorum
362 1520 520 1565 rationem.
905 1514 913 1523 '
1257 1546 1262 1553 -

252 1587 372 1673 Magni
386 1588 503 1651 interim
529 1587 621 1650 ducor
635 1585 815 1652 Posteritatis
829 1590 1010 1653 reverentia:
1038 1588 1173 1656 timidior
1187 1613 1274 1678 quam
1292 1585 1359 1652 liden-

203 1675 269 1739 tior
282 1676 397 1759 cogito,
420 1673 507 1755 quale
520 1673 557 1734 de
571 1674 708 1756 operibus
725 1674 811 1750 meis,
834 1669 950 1738 fibono
964 1675 1091 1741 suosato
1110 1699 1149 1739 eo
1165 1680 1304 1759 peruenire
1315 1670 1358 1755 pel·

205 1759 438 1847 sint,judicium
453 1759 546 1821 latura
560 1757 603 1821 stt.
648 1758 724 1823 Non
740 1759 806 1822 ideo
820 1774 919 1824 tamen
934 1760 1058 1825 minoris
1083 1759 1205 1828 aellimo
1219 1763 1309 1827 melos
1327 1756 1357 1820 ri·
1390 1746 1392 1839 l

204 1866 272 1922 tos,
293 1844 346 1928 qui
362 1845 450 1908 hodie
465 1846 590 1921 vivunt3
613 1844 794 1922 multisunt,
816 1845 921 1923 fateor,
946 1847 1000 1931 qui
1016 1846 1146 1913 seculum
1162 1848 1358 1913 nostrumtrot·
1390 1846 1392 1865 l

204 1946 294 2004 stant,
315 1933 366 2013 qui
383 1931 480 2012 priora
493 1928 651 2013 potuissent
665 1952 808 1995 exornare
818 1958 828 2008 ς
851 1933 1008 2016 inquibus
1023 1948 1122 1997 tamen
1138 1958 1180 2000 rie
1202 1955 1290 1999 unum
1307 1930 1357 2014 qei-
1390 2010 1392 2015 s

190 2017 276 2097 ,den
287 2019 374 2092 novi,
396 2018 448 2102 qui
464 2038 525 2080 non
543 2018 669 2087 honoret
681 2034 713 2079 et
725 2018 805 2083 colat
820 2019 970 2102 antiquos,
998 2020 1045 2083 cui
1063 2042 1124 2083 non
1138 2021 1218 2085 idem
1239 2019 1308 2105 quos
1318 2016 1357 2081 ilis
1390 2026 1392 2065 ¹

206 2098 308 2184 sapiat,
337 2118 389 2167 aut
402 2104 456 2188 qui
474 2123 577 2166 eorum
600 2121 748 2185 prtecepta
760 2125 821 2190 non
836 2104 978 2178 observet,
1002 2104 1079 2167 unde
1102 2124 1250 2190 quantum
1270 2096 1378 2167 abens

208 2191 298 2265 veris,
321 2205 436 2254 tautum
459 2189 497 2252 ab
519 2189 583 2268 ipsd
605 2193 710 2252 natura
738 2202 770 2252 et
791 2190 911 2253 ueritate
940 2189 1106 2255 discesseris.
1152 2192 1259 2278 Neque
1283 2206 1356 2255 ruet}

200 2275 397 2351 milfisfflffl'e,
414 2297 476 2341 non
497 2274 553 2340 esse
573 2274 722 2338 difficilius
737 2274 796 2339 sine
823 2274 890 2339 luce
911 2278 1069 2361 autoculis
1084 2272 1357 2364 objecta'pertpitm

206 2363 300 2446 quam
316 2362 435 2425 solidam
453 2361 569 2424 laudem
584 2359 726 2444 adipisci,
746 2377 777 2425 et
793 2361 944 2447 ingenium
969 2362 1105 2427 excolere
1128 2364 1195 2429 aliis
1218 2360 1357 2433 mtioutffli

205 2468 389 2532 quamquas
403 2445 508 2513 Graeci
523 2460 555 2510 et
565 2444 696 2510 Romani
710 2448 795 2511 nobis
809 2446 1064 2530 praescripserunt:
1089 2448 1159 2514 Sive
1174 2453 1251 2515 enim
1263 2445 1357 2533 propib

150 2604 152 2607 ¹
205 2534 302 2598 felicis
327 2536 356 2598 in
379 2534 438 2597 enii
460 2533 571 2596 viribus
586 2532 694 2611 innixi,
715 2532 774 2599 sive
796 2535 833 2596 ab
856 2548 918 2597 arte
942 2552 973 2597 et
998 2533 1099 2599 studiis
1123 2536 1265 2613 instrudli,
1282 2549 1357 2598 etim

205 2619 335 2704 vestigiis
350 2554 534 2684 tiiecedtmus
548 2635 656 2682 tamen.
701 2617 766 2701 Qui
782 2635 879 2683 autem
897 2618 1221 2704 Antiquos'damnant,
1233 2622 1357 2684 enum

204 2708 341 2791 cogniti,
363 2727 425 2771 non
440 2706 538 2768 abere
560 2706 627 2782 erit,
649 2726 700 2769 eos
716 2705 799 2767 semel
815 2725 845 2769 et
860 2702 944 2768 simul
968 2723 1052 2771 tanto
1078 2728 1180 2775 errore
1201 2711 1357 2783 liberarent

170 2790 177 2807 '
203 2793 273 2874 ipsis
282 2794 384 2875 palam
403 2790 470 2867 siat,
491 2791 529 2869 se,
549 2790 621 2854 dum
637 2791 733 2854 nimio
746 2790 777 2854 in
792 2792 870 2854 banc
887 2807 1004 2860 aetarem
1020 2788 1117 2857 studio
1136 2790 1282 2860 transversi
1299 2788 1357 2869 rapi·

136 2880 138 2883 ’
206 2895 311 2956 untur,
332 2883 398 2969 ejtts
417 2878 506 2941 famae
530 2878 607 2959 apud
635 2875 764 2959 posteros
778 2878 981 2962 gravissimum
996 2879 1104 2942 vulnus
1130 2881 1314 2963 imprudentes
1323 2878 1357 2940 in·

201 2962 317 3049 fligere.
348 2964 512 3050 Quodnam
525 2964 607 3026 enim
622 2964 785 3049 excogitari
802 2962 897 3046 potest
911 2965 1019 3029 clarius
1033 2959 1356 3048 argumentumadscoli

203 3051 332 3136 cujusvis
364 3050 577 3124 inorantiam,
609 3064 661 3111 aut
689 3050 787 3131 potius
812 3049 975 3115 barbariem
997 3050 1269 3129 demonstrandum,
1291 3067 1355 3149 epm

204 3141 283 3220 quod
301 3138 340 3200 ibi
357 3073 508 3201 llomerus
522 3136 623 3201 audiat
637 3136 766 3215 ineptus,
790 3132 874 3197 Plato
889 3136 925 3197 ad
940 3133 1086 3200 fastidium
1101 3140 1244 3218 prolixus,
1265 3130 1354 3200 true

203 3224 276 3285 teles
292 3243 396 3305 parum
419 3220 537 3298 dodlut,
558 3219 777 3286 Demosthenes
799 3238 830 3283 et
845 3218 956 3283 Cicero
971 3221 988 3286 ὲ
1004 3224 1091 3286 trivio
1106 3222 1286 3300 Oratorculi,
1304 3218 1355 3285 vir·
1386 3216 1388 3233 '

226 3309 292 3370 ilius
309 3306 401 3375 Poeta
417 3307 507 3371 nullis
521 3308 635 3389 gratiis,
651 3307 735 3370 nullo
748 3324 868 3383 ornatu,
886 3304 1028 3371 Horatius
1043 3308 1172 3394 denique
1187 3310 1271 3387 rudis,
1281 3302 1354 3371 lutul-

202 3332 253 3469 lis,
267 3409 298 3457 et
311 3391 371 3459 fine
387 3392 503 3458 nervis?
527 3392 665 3457 Barbarae
677 3394 737 3455 illae
752 3409 865 3477 gentes,
881 3414 948 3481 quar
963 3388 1119 3457 Graeciain
1142 3409 1175 3459 et
1196 3384 1354 3472 Italian*

202 3479 348 3562 pulantes,
363 3493 447 3542 tanto
459 3480 558 3542 surore
573 3477 784 3563 grassabantur,
810 3478 882 3561 quid
897 3501 1029 3564 unquam
1053 3481 1085 3543 in
1100 3481 1230 3545 delendis
1246 3474 1354 3563 pulchrr-

203 3566 286 3628 rimis
299 3564 449 3627 vetustatis
459 3566 663 3629 monumentis
679 3566 783 3629 tetrius
795 3563 853 3628 ausi
862 3563 955 3649 sunt?
981 3564 1064 3647 Qud
1080 3570 1177 3651 magis
1189 3560 1354 3633 horrearium?

204 3648 321 3713 Verum
337 3652 398 3732 spes
413 3650 454 3713 esl
481 3673 541 3714 non
559 3651 612 3713 toti
639 3650 738 3714 seculo
764 3653 946 3734 imputatum
962 3651 997 3716 iri
1018 3655 1207 3737 quorundam
1222 3652 1355 3739 pervelm

196 3736 363 3829 judicium,
380 3757 435 3800 nec
454 3737 594 3819 Antiquis
610 3735 706 3801 fraudi
723 3737 802 3821 sote.⁴
1384 3786 1386 3817 ,

247 3820 367 3887 Frustra
383 3820 544 3900 imperator
554 3822 603 3884 ille
617 3822 738 3885 armain
749 3821 929 3899 Homerum,
945 3823 1123 3908 Virgilium,
1140 3823 1249 3890 Titum
1262 3816 1354 3887 bivium

201 3915 317 3973 movit:
343 3907 492 3972 Incassum
507 3908 640 3970 cecidere
653 3909 726 3972 tanti
742 3924 882 3972 conatus:
899 3908 1355 3990 bellumabsolutiffimiropenbit

199 3996 346 4066 inditum
360 3995 429 4077 quid
443 3994 521 4057 aliud
532 3997 606 4078 egit,
618 3992 671 4058 nisi
685 3994 720 4059 ad
737 4014 896 4060 numerum
911 3996 1085 4077 ineptiarum
1098 4001 1222 4077 accessit,
1232 3994 1353 4079 quoibe

198 4098 245 4147 tat
257 4082 346 4168 ipisus
358 4080 779 4167 liistoria,tumulatioremque
791 4079 841 4164 ipli
854 4080 992 4149 invidiam
1003 4084 1079 4164 apud
1086 4082 1215 4167 posteros
1225 4074 1354 4159 conlui?
