2809 4767
370 122 561 197 DACERII
585 116 846 192 PRAEFnrioj

44 278 310 348 toamniebanttam
326 269 553 355 materiiquam
570 271 676 333 formai.
721 265 1089 340 Namnilrileoattulerat
1105 274 1152 339 Lu
1267 326 1273 337 .

42 370 87 437 lius
97 384 190 451 prater
203 362 308 425 nitoris
322 376 352 422 et
364 357 426 420 salis
439 357 616 437 plusculum,
631 357 661 418 in
674 357 788 419 summa
802 355 840 417 rei
855 355 935 417 nulla
948 357 1050 444 insigni
1064 363 1154 426 variat
1172 395 1204 420 r.

44 478 73 518 ne
86 454 160 517 sodli.
182 448 223 512 Et
234 466 408 530 quanquam
420 466 478 507 non
490 447 685 530 conjunxerat
696 441 924 523 pluraversuum
939 464 1045 526 genera
1057 451 1086 511 in
1096 452 1204 515 eodem
1300 456 1305 469 ¹

44 542 164 615 carmine,
179 534 252 598 sicut
268 532 408 604 Ennius;
432 529 652 591 fecerattamen
667 528 777 588 diuersa
792 528 1075 610 carminaquorum
1088 535 1144 598 alia
1156 542 1205 601 in.

44 643 110 710 tegra
124 620 258 686 Versibus
276 615 474 690 Hexamerris,
496 616 552 678 alia
568 614 718 688 lambiciS,
740 613 796 675 alia
812 612 991 676 Trochaicis
1014 619 1205 702 constabant,

47 732 73 775 ut
84 714 165 794 liquet
183 729 220 770 ex
237 702 325 790 ipsius
341 698 525 785 fragmentis.
552 700 615 761 =Ut
632 698 736 762 Verbo
750 699 860 772 dicam,
884 698 1084 768 srLucilianae
1101 705 1208 777 Satirae

44 796 128 860 direrli
141 794 256 880 generis
270 790 306 851 ab
325 785 469 850 Ennianis
485 787 550 851 ideo
561 786 713 848 censendae
730 783 796 858 sint,
810 785 890 866 quod
907 784 957 848 ille
973 791 1053 852 hunc
1075 793 1207 859 scriben-

46 882 68 947 di
80 900 132 946 arte
142 883 230 962 longe
244 874 432 957 superauerit,
446 874 492 936 uti
506 872 598 933 voluit
616 870 1012 954 Casaubonu5,consequens
1020 881 1075 941 erit
1088 880 1207 946 Horatii

46 990 147 1052 quoque
161 960 298 1030 Satirasit
313 959 476 1027 Lucilianis
490 957 591 1019 diversi
607 958 724 1038 prorsus
738 955 818 1018 fuisse
828 961 953 1040 generis,
966 964 1209 1045 quandoquidem

49 1052 171 1117 Horatius
184 1073 247 1135 nqn
264 1049 361 1111 minus
385 1046 483 1109 evexit
499 1044 605 1106 Satires
623 1044 684 1103 suas
700 1040 948 1124 supra·Lucilium
964 1056 1054 1130 quana
1076 1051 1124 1114 ille
1146 1054 1212 1120 suas

47 1146 114 1223 supra
136 1137 267 1201 Ennium
293 1149 323 1196 et
351 1129 512 1195 Pacuuium
538 1145 683 1191 evexerat.
714 1128 871 1191 ⁴Douaam
887 1150 1010 1216 quoque
1030 1135 1132 1201 fefellit
1158 1140 1211 1205 iste

48 1222 184 1291 Diomedis
199 1223 292 1285 loeus.
315 1218 384 1281 Hoc
400 1239 459 1280 non
474 1217 511 1279 eo
532 1218 591 1277 dixi
608 1215 687 1299 quod
702 1236 830 1276 errorem
852 1216 947 1278 levem
963 1235 1112 1285 tantorum
1129 1227 1211 1288 viro-

48 1334 101 1374 rum
114 1330 211 1374 notare
226 1308 382 1392 gaudeam,
404 1304 448 1366 sed
465 1302 558 1392 solum
584 1320 616 1362 ut
637 1298 846 1373 demonstrem,
870 1306 983 1382 quanta
1005 1327 1074 1370 curn
1096 1315 1166 1373 cuni
1182 1328 1215 1377 et

47 1400 143 1461 cautela
164 1416 268 1460 eorum
290 1412 378 1475 opera
401 1390 499 1474 legere
513 1403 656 1470 oporteat,
680 1388 729 1452 ubi
744 1387 779 1449 de
795 1407 825 1447 re
840 1389 938 1470 agitur
952 1389 1074 1457 obscura
1096 1396 1168 1463 adeo
1180 1416 1214 1462 et
1243 1466 1248 1482 ι

47 1501 97 1547 antt
118 1485 161 1545 uti.
860 1506 886 1553 ¹.

82 1506 220 1652 Aaniquae
233 1563 337 1631 Satirae
348 1565 382 1628 ad
397 1560 502 1627 Scenae
517 1562 597 1625 usum
614 1556 785 1641 compofitae
802 1557 952 1623 Naturam
967 1562 1132 1645 declaravi3
1150 1570 1214 1652 pla.

49 1676 109 1719 num
123 1656 173 1718 leci
190 1652 258 1717 inde
267 1652 434 1735 exemplum
445 1650 497 1714 sibi
507 1646 650 1729 sumpsisse
664 1647 798 1729 Ennium
813 1666 821 1707 ε
839 1648 904 1710 satis
915 1651 1041 1731 denique
1053 1656 1216 1721 confirma.

48 1756 102 1804 tuot
116 1742 177 1804 dedi
193 1738 286 1802 Ennii
303 1737 482 1818 Pacuviique
496 1735 623 1821 ejusdcm
639 1732 693 1797 esse
709 1737 824 1816 generis
838 1753 909 1797 cum
931 1732 1039 1799 Satiris·
1055 1735 1164 1806 Lucilii
1186 1759 1218 1807 et

49 1826 161 1904 Horatii,
176 1825 257 1910 quod
273 1840 371 1886 tamen
386 1844 505 1884 carmen
521 1843 579 1883 non
597 1820 648 1882 nist
661 1820 696 1880 ab
714 1818 881 1881 Horatioad
891 1820 1058 1901 supremum
1069 1825 1219 1911 fastigium

48 1914 204 1995 perduslum
220 1910 272 1975 eli.
294 1908 364 1992 Jam
376 1908 412 1970 ad
429 1907 551 1969 alterum
564 1906 667 1990 Satira
677 1925 782 1989 genua,
796 1906 876 1989 quud
890 1902 985 1989 recepi
998 1915 1217 1994 exponendum,

50 2001 117 2080 quod
127 2018 154 2061 et
169 2000 263 2080 ipsum
279 2017 399 2078 quoque
414 1995 449 2055 ab
466 1995 585 2073 antiqua
602 1994 746 2073 originem
763 1993 860 2068 duxit,
874 2008 992 2074 tempus
1005 1996 1046 2058 est
1057 2003 1216 2065 accedere:

50 2105 78 2145 et
89 2084 125 2149 est
138 2078 205 2169 quae
220 2082 381 2164 appellatur
398 2083 494 2143 Satira
512 2078 694 2142 Varroniano
706 2077 751 2137 vel
763 2079 928 2161 Meumperr,
940 2083 1018 2161 quod
1034 2085 1145 2164 primus
1155 2092 1220 2173 ejus

49 2172 139 2234 auctor
152 2162 221 2234 ellit
237 2171 334 2231 Varro
356 2167 559 2231 Romainorum
579 2162 771 2239 dodliffimus,
787 2164 924 2247 quodque
940 2167 970 2227 in
986 2188 1023 2228 eo
1042 2190 1129 2251 opere
1145 2172 1219 2237 Me.

51 2257 120 2340 nippi
134 2254 326 2331 Gadarensrs,
341 2250 506 2332 Philosophi
523 2252 644 2336 Cynici,
660 2271 755 2311 mores
773 2252 902 2311 imitatus
916 2246 995 2313 esset.

86 2342 148 2405 Nec
163 2345 225 2406 soli
252 2342 418 2413 carminum
435 2341 571 2400 uarietate
587 2336 669 2398 mista
691 2337 733 2397 est
757 2335 809 2396 illa
833 2336 948 2399 Satira:
974 2360 1041 2400 nam
1070 2338 1167 2410 Varro
1191 2341 1222 2410 ei

49 2426 251 2509 interposuerat
267 2429 378 2509 prosam
394 2427 570 2495 orationem,
593 2423 759 2504 promiscuo
771 2425 859 2483 etiarn
877 2424 925 2486 usu
943 2421 1051 2488 Graeci
1073 2430 1106 2490 et'
1120 2429 1224 2495 Latini·

50 2510 198 2577 Sermoni&
224 2512 433 2595 Quintilianus
445 2511 480 2570 de
498 2507 604 2570 Lucilii
616 2507 712 2569 Satirai
722 2506 838 2569 locutus
850 2510 941 2585 addit,
957 2513 1091 2575 Altrrum
1104 2519 1180 2580 illud
1187 2519 1225 2604 est

50 2590 72 2661 it
79 2606 158 2683 prius
173 2601 276 2663 Satira
287 2622 388 2681 gratur,
410 2598 483 2682 quad
498 2618 549 2657 nort
562 2592 657 2681 staltirn
675 2596 836 2661 corrnirrrrm
852 2598 993 2658 varietate
1005 2600 1117 2689 mg'ssum
1132 2606 1226 2666 rondi-

49 2685 87 2747 dit
101 2685 250 2750 Terentius
265 2687 371 2761 Varro,
387 2688 437 2745 vir
451 2684 644 2744 Romanorum
658 2682 762 2763 epurlr'ti
783 2704 876 2755 imam
892 2685 979 2764 cujus
994 2683 1051 2744 loci
1066 2688 1153 2748 unica
1163 2690 1224 2750 dis·

49 2769 154 2834 ficultas
170 2774 200 2833 in
216 2795 254 2833 eo
268 2771 358 2852 posita
373 2768 425 2844 esi,
450 2768 530 2850 quod¹
540 2769 669 2827 affirmat
684 2764 888 2845 Quintilianus
904 2769 1120 2833 hano‘satiram
1145 2774 1226 2836 Var-

50 2859 190 2929 tutr'anam
207 2854 289 2918 suill'e
303 2856 438 2935 priorem.
484 2852 556 2929 Quo
569 2854 647 2913 enim
665 2856 751 2929 padio
767 2850 837 2911 illud
855 2851 915 2914 freti
930 2855 1039 2932 potuit,
1056 2860 1127 2922 cirm
1137 2878 1226 2924 aetare

48 2944 135 3025 molto
149 2939 432 3025 polleriorlueilio
454 2941 540 3001 suerit
564 2936 682 2998 Varro:
709 2936 900 2999 nasaniam
929 2938 1069 3004 Varronis
1094 2961 1226 3025 tempore
1276 2950 1279 2956 ’

50 3030 166 3125 priorem
184 3027 279 3100 fuisse,
295 3045 329 3087 ea
345 3047 414 3086 vero
430 3047 490 3087 non
502 3023 542 3084 est
554 3021 737 3105 Quintiliani
750 3044 843 3095 mena,
858 3027 965 3107 quippe
980 3030 1030 3107 qui
1044 3033 1133 3110 probe
1144 3034 1230 3096 sciret

48 3134 105 3176 earn
121 3112 226 3177 multis
241 3116 325 3179 annis
337 3109 419 3173 fuisse
434 3112 635 3173 recentiorem.
659 3107 691 3170 ld
710 3111 815 3177 voluit,
828 3110 952 3173 Satiram
965 3106 1041 3174 hanc
1057 3117 1095 3175 ita
1111 3117 1229 3182 millam

49 3202 135 3284 magis
150 3199 346 3284 compositam
359 3198 417 3259 elle
442 3198 476 3255 ad
497 3196 581 3256 Ennii
598 3211 628 3256 et
644 3192 776 3269 Pacuuii,
798 3196 846 3275 qui
872 3199 901 3257 in
925 3200 1028 3261 Satiris
1053 3203 1108 3263 suis
1133 3207 1230 3266 multa
1312 3206 1319 3211 ’

46 3276 91 3348 lbi
115 3287 206 3349 licere
222 3287 390 3361 uoluerunt,
413 3305 502 3366 quam
528 3281 563 3341 ad
590 3280 701 3342 Lucilii
724 3281 914 3364 exemplum,
936 3288 1108 3365 quomuns
1132 3292 1228 3355 coluit

48 3372 208 3435 struma.
399 3386 404 3394 ⁴
440 3430 443 3437 .
785 3434 790 3445 ,

86 3456 172 3522 Nihil
190 3454 278 3521 nobis
295 3454 380 3517 restat
395 3455 482 3517 hodie
496 3474 533 3514 ex
549 3451 692 3512 Varronis
707 3452 823 3529 Steiria,
839 3470 944 3533 praeter
958 3457 1123 3541 fragmenta
1144 3483 1231 3544 qnae.

45 3544 122 3621 dam,
135 3540 404 3628 eaque'maximam
423 3541 453 3600 in
476 3556 586 3619 partem
607 3541 831 3627 corruptissima,
847 3540 1011 3627 titulosque,
1024 3570 1149 3628 qnorum
1166 3552 1233 3629 pln-

47 3632 109 3697 rimi
124 3631 195 3693 sunt
211 3631 353 3707 duplroes,
374 3630 423 3705 qui
441 3626 549 3687 indicio
566 3627 642 3697 sunt,
663 3647 776 3708 quanta
791 3624 859 3687 esset
884 3630 1005 3695 varietas
1029 3635 1233 3712 materiarum,

46 3738 116 3799 quas
132 3715 237 3779 Varro
252 3714 311 3776 illic
328 3714 509 3773 tradlauerat.

84 3799 213 3867 Senecae
236 3798 517 3881 Apoeolocyntosrs‚
544 3794 639 3866 Bo'eftii
656 3798 692 3855 de
707 3794 918 3861 Consolatione
927 3799 1129 3884 ¹Philosophiae
1149 3805 1235 3867 libel·

46 3886 100 3964 lua,
115 3906 146 3951 et
161 3886 296 3953 Petronii
313 3885 426 3947 Arbitri
440 3882 599 3968 Satyricon
621 3884 686 3945 sunt
706 3886 811 3949 Satirae
843 3885 1035 3951 Varronianis
1050 3893 1174 3953 omnino
1199 3891 1240 3954 sri-
1282 3891 1290 3901 '

46 3974 138 4036 mdes.
433 3990 438 3999 ·
1074 3990 1079 3997 ·
1276 4030 1279 4045 ,

22 4066 23 4069 ’
50 4059 55 4067 ’
87 4060 167 4123 Haec
184 4059 277 4127 habui
292 4056 329 4117 de
344 4055 450 4120 Satiris
474 4055 503 4115 in
520 4075 626 4139 genere
640 4053 786 4121 dicenda:
813 4057 897 4136 plura
920 4058 949 4119 in
975 4060 1034 4121 hoc
1060 4078 1238 4146 argumento
1304 4054 1334 4097 ·'

46 4144 177 4217 disserere
204 4147 418 4229 superuacuum
445 4138 522 4207 ess'et.
566 4141 604 4206 lo
629 4142 710 4204 notis
734 4147 840 4206 nostris
866 4147 1054 4228 cornipedior
1076 4148 1132 4211 erit
1155 4149 1241 4217 locus

773 4338 793 4375 V
