2809 4767
343 726 387 793 V.
407 725 480 792 CL.
502 722 646 792 ANDR.
667 718 859 790 Dncutttt

220 976 1077 1139 rumorosus

575 1283 644 1341 IN

198 1404 1081 1583 ΗοΚΑΤΠεΑΤιΚΑέ.λ

369 1722 921 1773 „w—

88 1952 134 2017 Dr
173 1947 299 2035 Origine
338 1960 367 2009 et
405 1945 561 2032 Progrtffu
605 1942 752 2009 sim
797 1943 958 2022 Romana,
998 1959 1029 2010 et
1066 1969 1142 2033 quur

451 2056 632 2121 Mutationes
644 2053 779 2139 subierit.

74 2254 267 2323 HOR-ATll
295 2255 409 2319 Seritur
432 2252 550 2315 duobus
573 2249 672 2316 Libris
697 2252 932 2334 comprehensas,
955 2276 1034 2318 nunc
1051 2257 1207 2334 Sermones,

39 2364 108 2407 nunc
133 2347 261 2421 Satires,
283 2342 367 2405 nullo
390 2338 558 2401 discrimine
581 2339 738 2421 appellavit
764 2342 838 2420 ipse:
875 2339 978 2403 vertim
1003 2362 1100 2424 quum
1126 2345 1210 2410 Ideos

39 2432 120 2492 modis
143 2429 320 2515 quibusdam
344 2423 495 2488 distindtas
519 2425 621 2487 animo
643 2426 850 2507 repraesentent
873 2449 908 2489 ea
936 2429 1089 2503 vocabula,
1110 2450 1226 2512 operae¹

39 2517 150 2595 pretium
174 2515 312 2578 fadlurus
340 2511 452 2587 videor,
482 2508 516 2588 li,
537 2510 612 2591 quid
638 2514 754 2592 antiqui
778 2509 912 2575 Romani
936 2535 986 2595 per
1010 2515 1139 2579 Seritam
1161 2520 1211 2580 in-

39 2601 200 2679 tellexerint,
222 2621 384 2681 exponam.
429 2597 550 2659 Primus
572 2595 754 2661 dodliffimus
783 2598 997 2677 Casaubonus,·
1019 2618 1111 2681 atque
1137 2603 1218 2666 adeo-

40 2686 104 2749 solus
115 2689 144 2751 iu
158 2710 194 2750 eo
210 2686 335 2767 feliciter
348 2704 468 2765 operam
494 2664 603 2765 doluit,
627 2699 659 2745 ut
672 2682 883 2746 demonstraret
898 2707 967 2766 quae
980 2701 1011 2748 et
1032 2689 1129 2767 qualis
1142 2688 1214 2753 esset
1265 2748 1271 2760 ,

38 2769 122 2837 Porus
142 2772 277 2860 Satyrica
298 2767 497 2848 (iratorum,
517 2790 587 2852 quae
610 2767 707 2832 Satira
728 2766 962 2849 Romanorum.⁸
992 2771 1045 2835 Est
1067 2774 1116 2838 ille
1137 2775 1214 2842 libet

41 2860 173 2938 quantivis
189 2859 276 2941 pretii
291 2879 299 2920 ε
322 2877 378 2919 nec
390 2855 519 2917 diffiteor
532 2876 581 2917 me
594 2855 662 2918 inde
677 2855 836 2936 plurimum
851 2858 982 2943 adjutum
999 2857 1092 2924 tuille.

75 2942 131 3009 Hic
143 2948 227 3009 enim
241 2942 284 3007 est
299 2943 426 3015 fruetus,
446 2962 534 3023 quern
558 2962 597 3004 ex
609 2942 821 3004 excellentium
838 2943 967 3007 virorum
984 2942 1132 3011 laboribus
1145 2970 1214 3031 per.

40 3029 124 3111 cipere
137 3031 302 3094 debemus:
326 3030 383 3114 qui
395 3028 461 3090 ideo
482 3027 568 3089 nobis
593 3028 784 3109 praeiterunt,
807 3044 839 3089 ut
863 3030 893 3090 in
918 3031 1006 3114 spiiiis
1031 3033 1215 3116 antiquitatis

41 3117 152 3181 tenebris
175 3118 274 3180 facem
298 3113 522 3178 succedentibus
542 3114 721 3195 praeferrent.
768 3111 843 3176 Non
859 3121 969 3179 ‘tamen
997 3118 1026 3179 in
1053 3119 1216 3201 superiores

39 3203 72 3262 ita
83 3206 160 3267 oculi
173 3202 339 3286 deligendi,
361 3216 393 3262 ut
410 3199 533 3280 propriis
556 3199 645 3260 etiam
676 3199 815 3285 gressibus
837 3221 898 3264 non
923 3203 1130 3268 attendamus:
1162 3228 1217 3289 per

39 3288 93 3352 illas
106 3284 187 3355 enim'
207 3289 351 3351 incedunt
375 3283 537 3367 aliquando
561 3284 688 3361 semitas,
713 3287 742 3347 in
767 3286 875 3368 quibus
891 3309 951 3351 non
979 3305 1077 3353 tutum
1104 3292 1217 3355 stt-eoo

40 3374 127 3458 sequi:
148 3369 178 3439 id
194 3376 276 3458 quod
292 3390 323 3436 et
336 3394 394 3457 ego
407 3372 460 3439 bic
474 3371 554 3448 cari,
575 3369 650 3454 saepe
671 3369 735 3433 ‘trias
751 3392 855 3453 parunt
878 3376 961 3438 tritas
985 3376 1114 3456 secutus,
1137 3393 1170 3444 ut
1184 3384 1218 3446 in

40 3459 172 3544 progressu
190 3462 312 3543 patebit.
726 3498 731 3509 ·
786 3482 792 3495 ¹
1122 3473 1125 3483 '

75 3547 123 3611 bst
133 3552 239 3609 'autem
254 3546 348 3609 Satira
362 3543 498 3625 quaedatn
518 3539 641 3607 Poenos
660 3544 768 3625 specior
781 3544 845 3608 aliia
859 3545 950 3629 quim
965 3549 1116 3617 Romanis
1132 3574 1219 3635 pror.

39 3630 78 3694 sus
90 3634 257 3718 incognita,
278 3652 334 3694 nec
350 3630 411 3694 ultr
425 3651 497 3691 tum
510 3627 841 3715 Satyriei·Graecorunt
856 3632 934 3714 poili
947 3621 1126 3718 cognatione
1141 3662 1219 3703 con.

35 3717 142 3803 jutitia,
163 3742 236 3802 quae
260 3735 361 3782 tamen
386 3720 572 3800 quorundum
595 3714 752 3779 doslorum
775 3719 878 3797 opinio
900 3719 966 3783 suit.
1011 3722 1220 3804 Quintilianut

38 3824 148 3867 omnem
165 3805 385 3868 dubitationem
402 3803 489 3877 tollit,
504 3822 575 3864 cum
590 3801 688 3863 scribit
705 3800 775 3865 Lib.
795 3826 822 3867 1.
838 3822 903 3885 cap.
920 3825 969 3873 ιο.
993 3808 1094 3874 Sotira
1107 3812 1220 3894 quidem

36 3902 88 3955 trra
100 3892 193 3979 nostra
201 3893 247 3976 est
280 3889 354 3952 Inde
366 3888 408 3952 esl
424 3887 505 3974 quod
520 3885 664 3959 Horatius
681 3886 742 3953 Sat.
762 3886 812 3954 io.
830 3888 899 3955 Lib.
916 3914 943 3959 1·
960 3915 1021 3958 ver.
1036 3898 1088 3959 06.
1111 3897 1221 3961 Grecis

37 3977 168 4040 interilum
181 4000 298 4039 carmen
312 3978 440 4039 dixerat.
525 4022 529 4033 .
723 3990 726 3997 ’
1134 4026 1136 4029 -

78 4060 156 4126 Ecte
183 4062 239 4125 tibi
264 4083 437 4145 germanam
461 4060 551 4146 hujus
572 4063 656 4124 vocis
682 4059 928 4148 Etymulogiam:
952 4059 1053 4127 Latini
1079 4065 1222 4132 saturum

38 4147 211 4231 usurpabant
235 4154 289 4231 prb
305 4149 399 4238 pleno,
421 4149 479 4211 cui
493 4149 529 4211 ad
552 4148 765 4230 pertententur
791 4150 862 4214 nibil
888 4149 1011 4215 duellet:
1035 4150 1108 4215 binc
1131 4151 1224 4216 Satur
1255 4150 1260 4159 ’
